2610 4402
276 241 361 294 cllo
379 240 491 294 Mercu.
526 257 548 295 c.
566 243 607 308 20,
625 241 642 308 ξ
661 244 702 294 75.
721 243 753 294 ’16
770 269 804 280 -
821 256 843 294 c.
861 243 903 308 21,
920 241 937 308 ᾖ
954 243 996 294 ll.
1128 237 1168 298 '¹13

99 412 268 494 seprdturae
283 431 385 475 carere
399 432 503 492 passus
518 420 570 486 est,
595 412 648 474 sed
663 413 795 490 legiones
810 422 941 486 nostras,
968 413 1047 492 quod
1062 415 1167 495 scripsi

99 499 129 560 in
153 498 341 578 Originibus
367 499 398 559 in
420 516 487 560 eum
511 498 610 559 locum
631 516 719 576 saepe
740 498 888 578 prolectas
909 499 997 559 alacri
1018 498 1117 560 animo
1138 509 1169 562 at

99 591 214 658 erecto,
240 583 320 644 unde
335 602 367 645 se
381 583 526 645 redituras
541 601 703 662 numquam
719 583 943 646 arbitrarentur.
971 583 1057 655 Quod
1077 584 1169 662 igitur

98 670 311 744 adulescentes,
338 668 402 729 etii
418 669 537 747 quidem
551 687 614 729 non
629 668 725 730 solum
740 669 862 743 indocti,
885 669 937 731 sed
952 669 1040 729 etiam
1054 669 1168 744 rustici,

61 763 75 813 5
98 762 304 828 contemnunt,
320 754 350 813 id
365 754 444 815 docti
459 772 547 815 senes
561 751 777 815 extimescent‘l
821 758 867 814 16.
892 753 1032 828 Omnino,
1047 763 1080 815 ut
1094 754 1167 816 mihi

98 839 218 917 quidem
231 839 362 913 videtur,
388 857 488 900 rerum
512 840 646 900 omnium
668 839 786 900 satietas
807 837 883 914 ritae
904 839 973 899 lacit
993 839 1166 901 satietatem.

97 923 175 984 Sunt
185 923 329 1003 pueritiae
337 932 416 985 certa
425 924 535 985 studia:
547 942 621 984 num
629 923 719 1003 igitur
726 941 760 983 ea
767 923 935 984 desiderant
943 923 1167 986 adulescentes?

97 1009 176 1069 Sunt
189 1009 322 1069 ineuntis
335 1009 567 1070 adulescentiae:
583 1027 657 1069 num
668 1028 702 1069 ea
714 1016 855 1069 constans
869 1008 927 1068 iam
940 1009 1065 1086 requirit
1079 1017 1166 1084 aetas,

97 1112 173 1171 quae
183 1093 280 1154 media
291 1091 422 1155 dicitur?
437 1094 514 1154 Sunt
525 1094 612 1154 etiam
627 1093 690 1154 eius
704 1091 821 1154 aetatis:
838 1111 878 1153 ne
892 1111 926 1153 ea
941 1093 1061 1171 quidem
1075 1113 1168 1172 quae-

44 1185 75 1242 10
96 1186 206 1239 runtur
220 1179 251 1239 in
266 1188 428 1240 senectute.
458 1179 535 1240 Sunt
557 1187 688 1240 extrema
708 1179 853 1256 quaedam
873 1178 969 1239 studia
988 1179 1167 1254 senectutis;

96 1282 178 1342 ergo,
193 1272 227 1323 ut
239 1262 426 1343 superiorum
442 1272 570 1324 aetatum
585 1264 680 1326 studia
696 1263 844 1338 occidunt,
867 1264 910 1323 sic
925 1263 1065 1324 occidunt
1079 1264 1167 1324 etiam

96 1347 274 1424 senectutis3
299 1348 378 1426 quod
406 1367 473 1408 cum
500 1348 612 1424 evenit,
638 1348 757 1409 satietas
781 1349 857 1409 vitae
879 1356 996 1428 tempus
1018 1356 1167 1408 maturum

96 1432 202 1495 mortis
213 1433 307 1495 affert.

182 1524 228 1581 ll.
243 1517 389 1596 Equidem
404 1536 466 1578 non
488 1518 588 1592 video,
612 1536 682 1592 cur,
705 1517 777 1595 quid
791 1516 854 1595 ipse
869 1517 994 1576 sentiam
1009 1516 1045 1577 de
1060 1523 1165 1591 morte,
1183 1522 1218 1577 21

30 1607 73 1658 ‘15
96 1622 157 1663 non
174 1603 296 1662 audeam
310 1601 394 1663 vohis
409 1603 522 1676 dicere,
545 1604 625 1681 quod
640 1621 677 1662 eo
699 1619 824 1661 cernere
846 1600 917 1661 mihi
932 1601 1037 1662 melius
1058 1603 1167 1678 videor,

96 1705 156 1766 quo
172 1687 207 1747 ah
224 1706 258 1748 ea
271 1687 395 1766 propius
409 1687 522 1749 absum.
552 1687 615 1766 Ego
630 1694 743 1749 vestros
757 1694 869 1766 patres,
886 1685 918 1746 P.
934 1685 1048 1766 Scipio,
1066 1695 1168 1766 tuque,

96 1771 127 1833 C.
143 1771 224 1839 Laeli
231 1799 243 1847 ,·
255 1772 334 1833 viros
349 1772 526 1835 clarissimos
540 1772 672 1850 mihique
688 1770 894 1846 amicissimos,
917 1769 1014 1832 vivere
1030 1771 1167 1848 arbitror,

95 1864 125 1917 et
139 1876 204 1918 eam
218 1857 338 1935 quidem
351 1856 454 1931 vitam,
474 1875 551 1934 quae
566 1865 611 1918 est
624 1858 687 1918 sola
699 1857 758 1917 vita
774 1855 963 1916 nominanda.
993 1856 1083 1932 Nam,
1098 1858 1170 1922 dum

94 1959 197 2002 sumus
217 1941 323 2002 inclusi
339 1940 369 2000 in
386 1941 431 2002 his
453 1941 643 2023 compagibus
658 1941 808 2021 corporis,
830 1958 956 2000 munere
971 1943 1100 2018 quodam
1115 1961 1168 2003 ne-

42 2031 72 2082 20
94 2026 238 2088 cessitatis
253 2035 283 2087 et
297 2026 378 2104 gravi
401 2044 491 2106 opere
505 2026 728 2106 perfungimur3
745 2033 789 2085 est
804 2025 884 2085 enirn
899 2025 1015 2086 animus
1035 2027 1169 2090 caelestis

94 2130 130 2172 ex
145 2110 286 2173 altissimo
301 2111 449 2173 domicilio
464 2113 621 2191 depressus
636 2120 665 2171 et
680 2109 763 2189 quasi
778 2108 931 2171 demersus
945 2109 1109 2186 interram,
1124 2112 1169 2175 lo·

94 2214 163 2258 cum
178 2196 294 2256 divinae
309 2204 431 2257 naturae
446 2197 673 2275 aeternitatique
686 2195 880 2256 eontrarium.
911 2193 969 2255 Sed
984 2198 1082 2271 credo,
1098 2198 1170 2258 deos

93 2281 274 2342 immortales
294 2281 435 2360 sparsisse
450 2281 564 2343 animos
578 2283 610 2342 in
625 2298 751 2360 corpora
764 2280 910 2354 humana,
934 2287 968 2340 ut
982 2291 1095 2355 essent,
1118 2282 1169 2360 qui

129 2416 153 2467 2.
172 2416 202 2463 irc
213 2413 376 2477 Originibus,
386 2413 438 2479 vgl.
452 2429 474 2465 c.
489 2413 606 2478 ll‚§38.
659 2412 767 2464 stimdeu
791 2426 853 2476 gem
877 2410 922 2463 der
938 2411 1038 2477 Begrill
1055 2411 1102 2464 des
1117 2412 1169 2464 Ab·

128 2485 153 2533 4.
163 2481 277 2546 indocti,
285 2480 352 2532 ohne
360 2479 476 2546 gelehrte
483 2484 607 2545 (nument.
658 2479 762 2531 staudes
781 2481 889 2544 (abarce)
901 2479 948 2532 des
959 2480 1034 2531 einen
1047 2495 1099 2532 von
1111 2479 1169 2532 dem

94 2549 147 2600 lich
164 2549 386 2615 philosophische)
401 2547 520 2614 Bildung.
658 2547 754 2598 andern
772 2547 991 2612 hervorgehohen.

126 2615 607 2681 mutiet,dienichteinmaldenhusse-
691 2629 740 2679 ogo
765 2619 868 2665 cestros
888 2619 996 2681 patres,
1023 2616 1052 2666 P.
1078 2615 1169 2682 Scipio

92 2699 137 2736 ren
150 2684 243 2736 Schein
255 2682 426 2750 vonBildung
438 2699 471 2735 an
488 2685 544 2736 sich
555 2688 606 2736 tra-
657 2687 746 2748 tuque,
765 2683 792 2735 G.
809 2683 894 2735 Laeli.
928 2681 1068 2734 Derllater
1083 2682 1129 2735 des
1141 2684 1169 2737 (l.

93 2751 605 2820 gen‚wieihnderVerhehrinderlleupt-
656 2749 1168 2816 Laelius,derdenselhenNamenldhrte,

92 2820 161 2872 stadt
173 2819 349 2871 mitzutheilen
364 2821 445 2886 pllegt
456 2823 606 2887 (entgegen
657 2833 712 2870 war
728 2819 774 2870 der
789 2821 919 2872 vertraute
930 2817 1031 2871 Freuud
1042 2818 1087 2871 des
1105 2820 1168 2872 tlte

91 2892 194 2954 gesetzt
203 2887 245 2938 die
252 2889 368 2951 urlani).
381 2886 439 2953 Vgl.
449 2888 490 2941 die
499 2889 606 2941 Anmer-
655 2902 701 2939 ren
719 2885 806 2952 Scipio
829 2887 882 2938 und
898 2887 1038 2952 begleitete
1054 2887 1100 2938 ihu
1117 2887 1168 2938 last

91 2955 213 3023 hungari
230 2958 345 3019 agremh
362 2969 383 3006 c.
399 2959 438 3017 ll,
456 2955 527 3022 §lh
546 2973 603 3023 sqq.
656 2954 701 3005 aul
718 2955 786 3004 allen
803 2953 957 3018 Feldzdgen.

126 3027 150 3075 ’1.
167 3027 233 3072 curet
252 3025 386 3088 mamillae
412 3027 486 3074 certa
503 3025 603 3074 studia.
692 3025 730 3073 17.
748 3024 844 3083 uivere,
863 3021 929 3071 nach
946 3020 1004 3072 dem
1016 3019 1088 3072 Tode
1105 3021 1168 3073 fort«

91 3090 151 3143 llier
162 3090 267 3142 werden
281 3090 604 3143 vierlehensalterunter·
654 3088 738 3140 leben.

91 3158 226 3210 schieden:
254 3161 387 3224 pueritia,
415 3159 604 3225 adulescentia,
691 3159 730 3210 le.
748 3161 774 3207 at
791 3171 850 3207 eam
866 3157 973 3221 quiden
990 3159 1080 3222 vitam,
1097 3157 1168 3208 nim·

91 3231 217 3278 comtum
233 3227 340 3289 (media)
364 3233 439 3278 aeras
458 3227 514 3293 (das
531 3227 603 3278 llan-
653 3224 704 3276 lieh
731 3227 829 3289 cincre,
857 3223 924 3286 „und
950 3239 1019 3276 awar
1042 3224 1088 3276 cul
1110 3225 1169 3278 eine

91 3293 221 3357 neselter),
238 3297 365 3344 senectus.
654 3291 750 3356 Weise,
775 3292 876 3344 welche
900 3291 978 3344 allein
1001 3292 1051 3344 den
1068 3292 1166 3346 Numen

125 3365 149 3415 t.
168 3377 202 3412 ne
219 3377 251 3411 co
268 3361 375 3428 quidam
394 3365 603 3426 quaeruntura'n
656 3360 773 3422 „Lehen“
793 3359 934 3412 verdient“.
970 3358 1027 3426 vgt.
1042 3376 1175 3426 prugatam

91 3434 232 3491 senectute,
259 3430 324 3481 auch
350 3429 416 3480 nach
440 3429 518 3480 ihnen
542 3427 602 3490 (den
652 3443 860 3494 pugnarem.

90 3496 293 3562 Bestrebungen,
305 3496 406 3549 welche
417 3495 474 3548 dem
485 3495 604 3549 Manuos
690 3499 729 3549 19.
746 3511 856 3546 meum
870 3496 985 3560 quodam
1001 3499 1167 3547 monstram

91 3565 156 3617 alter
173 3565 373 3630 cigenthdmlich
391 3563 459 3628 sind)
476 3563 603 3630 lragldas
653 3592 687 3601 —
704 3563 906 3629 perfungimur.
945 3562 1029 3614 Durch
1055 3564 1168 3629 quidam

90 3632 602 3699 Greisenalterniehtgesehweigenach
653 3631 700 3682 mit
729 3630 792 3683 oder
818 3632 885 3683 ohne
912 3636 1056 3698 tamquam,
1087 3634 1167 3697 quasa·
1252 3653 1257 3663 ·

90 3700 175 3753 denen
192 3699 238 3752 der
254 3698 363 3765 legend.
653 3699 720 3750 wind
736 3698 782 3750 der
793 3697 914 3752 bildliche
924 3699 1061 3752 Ausdruck
1076 3698 1167 3765 gemil-

127 3772 167 3821 16.
181 3771 297 3834 propa'ur
315 3770 413 3820 adeum.
432 3766 500 3819 Wir:
520 3767 602 3829 „nahe
654 3766 718 3830 dert,
738 3767 1020 3832 „gewissermaasseu“.

90 3836 206 3887 stenem.
217 3835 437 3888 lmLateiniseheu
446 3835 512 3886 wird
521 3835 603 3887 selhst
688 3837 729 3889 23.
738 3838 871 3901 adescant,
882 3839 931 3902 pei
942 3835 1021 3887 damit
1032 3848 1061 3885 es
1070 3832 1166 3887 Wesen

90 3903 133 3954 hei
145 3902 267 3956 einander
278 3904 345 3955 nahe
356 3901 490 3969 liegenden
504 3901 604 3969 Gegen·
654 3902 728 3970 gabe,
747 3903 847 3956 welche
863 3941 871 3956 .
890 3943 896 3958 .
916 3943 923 3958 .
