2610 4402
133 232 137 239 ’
165 255 205 315 72
445 255 530 309 mro
548 254 661 310 utnon
695 271 716 308 0.
734 257 775 322 ro,
793 256 809 320 0
828 256 936 308 00-05.
996 235 998 239 ’

164 431 230 491 Non
253 438 356 490 censet
373 429 531 507 lugendam
553 448 617 489 esse
639 436 782 501 mortem,
806 446 895 505 quam
910 427 1113 488 immortalitas
1128 446 1235 491 conse·

164 523 280 593 quatur.
324 518 369 574 71.
392 514 454 574 lam
468 514 573 574 sensus
587 512 734 573 moriendi
749 512 853 590 aliquis
873 531 937 573 esse
957 521 1068 591 potest,
1094 513 1179 592 isque
1198 515 1234 575 ad

97 664 103 675 ,
164 600 302 678 exiguum
317 607 449 677 tempurr,
471 598 644 676 praesertim
660 598 739 658 seni:
765 607 832 677 post
849 606 977 658 mortem
992 597 1111 675 quidem
1125 617 1234 660 sensus

164 693 214 746 aut
226 685 374 762 optandus
385 691 435 744 aut
450 683 549 743 nullus
565 692 618 743 est.
649 683 708 743 Sed
721 684 778 742 hoc
794 683 964 743 meditatum
981 683 1016 743 ab
1033 682 1233 745 adulescentia

163 769 252 830 debet
266 787 347 842 esse,
368 778 495 828 mortem
510 775 543 828 ut
559 768 763 846 neglegamus3
790 767 855 829 sine
869 786 928 845 qua
942 767 1133 828 meditatione
1146 777 1229 829 tran·
1252 777 1267 826 5

163 854 254 933 quillo
270 872 334 913 csse
348 852 447 913 animo
462 860 560 931 polest
575 871 674 913 nemo.
704 852 891 912 Moricndum
914 852 993 913 enim
1015 860 1095 913 certe
1117 863 1176 927 est,
1203 863 1234 914 et

162 940 319 1010 incertum,
336 957 372 998 an
388 938 446 996 hoc
461 938 526 1015 ipso
538 937 593 998 die.
623 938 747 997 Mortem
763 936 853 1016 igitur
864 937 1003 998 omnihus
1018 937 1099 998 horis
1114 937 1231 1017 impen-

162 1025 280 1084 dentem
304 1023 415 1083 timcns
435 1023 486 1099 qui
501 1022 612 1100 poterit
625 1022 724 1082 animo
740 1019 925 1083 consistere?
969 1027 1014 1082 15.
1038 1023 1080 1082 lle
1095 1041 1153 1100 qua
1168 1042 1231 1083 non

162 1107 202 1168 ita
217 1109 306 1187 longa
320 1107 522 1186 disputatione
537 1126 612 1186 opus
627 1126 692 1168 esse
705 1107 834 1181 videtur,
857 1125 924 1166 cum
940 1108 1096 1181 recordor,
1119 1126 1181 1168 non
1197 1108 1232 1167 L.

160 1192 296 1266 Brutum,
312 1192 362 1270 qui
377 1193 408 1252 in
423 1191 573 1252 liberanda
588 1192 682 1270 patria
697 1200 742 1252 est
752 1192 934 1262 interfectus,
951 1211 1012 1251 non
1025 1192 1100 1252 duos
1111 1192 1228 1266 Decios,
1254 1201 1283 1253 to

161 1278 211 1355 qni
228 1278 264 1337 ad
279 1277 475 1337 voluntariam
491 1285 617 1337 mortem
632 1295 751 1337 cursum
769 1294 913 1354 equorum
928 1277 1140 1351 incitaverunt,
1167 1296 1232 1338 non

160 1361 199 1421 M.
211 1361 341 1434 Atilium,
356 1361 408 1438 qui
423 1361 459 1421 ad
474 1362 652 1440 supplicium
667 1369 712 1423 est
724 1362 886 1440 profectus,
901 1369 934 1421 ut
944 1361 1032 1422 fidem
1043 1361 1121 1422 hosti
1132 1362 1232 1423 datam

159 1455 359 1519 conservaret,
383 1465 444 1507 non
461 1447 535 1506 duos
552 1446 716 1524 Scipiones,
732 1446 783 1524 qni
798 1446 854 1505 iter
869 1445 976 1506 Poenis
991 1446 1037 1506 vel
1052 1446 1231 1524 corporibus

159 1531 220 1592 suis
236 1531 391 1592 obstruere
405 1531 573 1606 volucrunt,
589 1550 651 1592 non
668 1549 753 1590 avum
767 1539 851 1590 tuum
863 1530 896 1590 L.
909 1530 1052 1604 Paullum,
1068 1531 1119 1609 qui
1133 1538 1232 1591 morte

159 1614 214 1676 luit
228 1616 358 1694 collegae
381 1615 411 1675 in
428 1615 577 1677 Cannensi
598 1616 761 1694 ignominia
782 1615 995 1689 temeritatem,
1022 1634 1083 1675 non
1099 1614 1137 1675 M.
1153 1615 1232 1676 Mar·
1253 1624 1282 1674 15

157 1701 282 1775 cellum,
305 1694 389 1760 cuins
412 1700 566 1760 interitum
583 1719 621 1761 ne
637 1700 857 1761 crudelissimus
871 1699 990 1777 quidem
1004 1699 1098 1761 hostis
1111 1694 1231 1762 lionore

193 1813 667 1880 &praesertimseni.ligl.c.l‘l,§6l.
719 1817 779 1880 quic
795 1820 823 1864 01
839 1817 871 1865 ab
890 1818 991 1876 amicir,
1016 1816 1053 1866 ad
1067 1818 1231 1882 supplicium

191 1887 216 1935 4.
245 1883 411 1947 meditatum,
440 1883 591 1948 passivisch,
617 1883 668 1933 wie
718 1884 809 1934 redire
829 1883 934 1943 maluit,
956 1898 1036 1948 qnam
1058 1883 1138 1944 fidem
1160 1887 1233 1937 lasti
1279 1911 1282 1914 ⁴

157 1951 321 2017 adaptante.
340 1953 364 2016 2,
383 1951 436 2016 §t
455 1949 573 2001 dimersio
591 1965 613 2001 c.
628 1952 668 2015 17,
719 1952 810 2002 datam
828 1951 932 2011 fallere.
1044 1979 1046 1983 ι

156 2018 172 2084 ξ
191 2022 232 2071 59.
755 2021 794 2071 13.
812 2019 879 2069 dnos
891 2018 1035 2083 Scipiones,
1053 2033 1073 2070 s.
1086 2033 1108 2070 c.
1120 2021 1145 2084 9,
1158 2019 1175 2085 ξ
1188 2022 1231 2072 29.

191 2089 214 2136 ’1.
241 2089 388 2150 incertum,
414 2100 450 2135 an
474 2087 523 2136 lroc
539 2088 597 2150 ipso
615 2085 666 2146 die,
753 2089 800 2151 qui
820 2090 873 2136 iter
895 2087 989 2137 Poenis
1011 2086 1053 2136 001
1072 2090 1231 2152 coemendam

156 2153 227 2204 siche
245 2169 278 2204 zu
295 2153 369 2203 lond
383 2155 440 2203 scio
456 2169 493 2204 an
506 2169 527 2204 0.
543 2157 582 2218 16,
595 2152 611 2218 ξ
624 2156 666 2217 56,
716 2156 773 2203 onis
785 2156 923 2205 obstruere
934 2154 1085 2206 volucrunt.
1102 2154 1230 2207 Aeltnlich

155 2220 401 2285 vgl.c.20,§'13.
717 2221 798 2272 heisst
823 2236 852 2272 es
878 2220 1002 2275 Paradox.
1026 2222 1044 2285 l,
1067 2237 1089 2273 c.
1108 2225 1133 2287 1,
1160 2223 1228 2290 §12

190 2290 213 2340 8.
232 2290 322 2338 animo
334 2290 484 2348 consistere,
501 2287 548 2337 mit
568 2287 665 2337 seinem
716 2304 768 2340 von
785 2289 937 2341 denselben:
965 2289 1230 2354 Carthaginiensium

156 2354 234 2408 Sinne
246 2355 301 2408 sich
314 2355 466 2420 leststellen,
475 2354 499 2406 d.
509 2355 526 2406 i.
539 2369 571 2405 zu
581 2355 663 2405 ciuem
716 2358 860 2408 aduentam
876 2359 1034 2423 corporibus
1050 2361 1106 2408 00010
1121 2361 1230 2410 intor-

155 2423 238 2476 lesten
249 2423 357 2488 ruhigen
371 2421 449 2474 Sinne
458 2421 664 2487 (Gemdthsruhe)
716 2426 916 2483 cludendum
932 2430 1106 2489 pataverunt.

155 2493 289 2557 gelangen.
307 2490 664 2558 Vgldasspirtergebriuch-
754 2496 790 2544 14.
815 2494 846 2544 L.
868 2493 1000 2557 mulium,
1021 2509 1042 2545 s.
1060 2509 1082 2545 c.
1100 2495 1125 2559 9,
1149 2495 1165 2558 5
1185 2497 1228 2548 29.

109 2572 112 2580 ’
153 2559 221 2611 liche
239 2562 330 2610 animo
348 2559 494 2610 concidero.
714 2560 741 2611 ln
766 2561 810 2612 der
829 2561 950 2612 Schlacht
971 2560 1013 2612 bei
1031 2561 1117 2612 Canni
1133 2559 1179 2614 fiel
1199 2577 1228 2614 er

187 2630 211 2679 9.
231 2628 261 2678 L.
270 2627 394 2688 Brutum,
411 2631 500 2692 qai·-
515 2632 562 2688 001,
580 2630 664 2677 intor-
714 2629 739 2679 in
769 2628 880 2693 taplcrer
906 2627 1074 2694 Gegenwehr,
1103 2630 1228 2682 wilarend

152 2693 245 2758 factata,
263 2696 297 2745 im
316 2694 490 2760 Zweilrample
508 2694 554 2744 mit
570 2695 663 2757 Aruns,
714 2696 769 2748 sein
794 2697 898 2760 College
922 2696 949 2747 C.
973 2695 1109 2748 Terentius
1135 2696 1227 2760 Varro,

153 2760 211 2812 dem
221 2760 306 2811 Solme
318 2760 365 2812 des
375 2759 536 2826 Tarquinius,
543 2761 630 2824 11011,
638 2765 662 2816 6.
714 2763 759 2814 der
782 2780 827 2814 zur
845 2763 967 2815 Schlaclrt
987 2764 1165 2831 unvorsichtig
1183 2781 1228 2831 ge·

189 2828 661 2894 100000110000031,00129.
713 2831 802 2882 rathen
829 2831 900 2883 hatte
932 2834 1154 2900 (temeritas),
1184 2833 1227 2886 dte

189 2898 227 2949 12.
245 2895 281 2946 M.
298 2895 419 2947 Atilium.
448 2893 482 2948 M.
500 2893 593 2947 Atilius
613 2895 662 2948 Re·
713 2897 805 2950 Flucht
826 2898 917 2964 ergriff.
1191 2918 1194 2923 ·

151 2964 235 3032 galus,
256 2965 290 3015 im
308 2967 393 3016 ersten
410 2964 552 3029 punischen
569 2962 662 3031 llriege
750 2971 788 3020 15.
809 2967 845 3018 Μ.
863 2967 1026 3018 diurnalium.
1049 2965 1083 3020 M.
1104 2967 1227 3021 Claudius

151 3048 240 3113 gagen.
257 3032 298 3084 die
316 3031 537 3098 Carthaginienser
554 3032 661 3098 enlangs
712 3033 849 3086 Marcellus
866 3035 948 3100 siegte
966 3038 1014 3087 mc
1033 3035 1075 3086 bei
1093 3035 1169 3100 Molo,
1187 3051 1227 3088 er-

150 3099 661 3236 ffirglgdiiadve'irlignil‘iizddsiiirdiiiffi
712 3101 1071 3222 ogoffrteenglnseglzrsalrsgsffrtrffl
1087 3103 1228 3224 811ἒῶΜὲ

148 3235 660 3369 tillut’initiaretur
711 3237 1229 3373 lit.lt”¹lldill.t⁰tlil¹ttiti

149 3372 268 3423 niensern
278 3370 510 3422 alsUnterlriindlcr
519 3371 584 3422 nach
593 3371 658 3423 Rom
740 3345 1227 3439 lene’aadolnsimmqaidomnmtis

182 3438 279 3490 sendet.
302 3437 495 3490 Ausldlnliches
513 3438 576 3490 iiber
588 3441 659 3492 scine
709 3447 1002 3507 -carercpassasest
1015 3440 1228 3494 llonderelucn·

171 3505 419 3572 euissenhaltigkcit
446 3507 522 3558 thcilt
552 3507 602 3558 Cic.
626 3507 658 3559 de
709 3509 795 3561 vollen
808 3509 1226 3575 Bestauung,dieflannimlmn

148 3573 254 3636 011101,
273 3588 294 3624 0.
314 3573 527 3639 11139011.
546 3615 552 3627 .
572 3615 578 3628 .
598 3591 658 3626 cnm
709 3592 741 3628 nu
768 3576 842 3628 Theil
869 3577 972 3630 werden
999 3577 1068 3640 lices,
1094 3577 1226 3630 berichtet

148 3643 310 3706 010οα011010
333 3643 525 3693 commutandis
546 3641 658 3694 nomam
708 3643 837 3696 Plutarch.
862 3644 975 3697 Marcell.
992 3661 1013 3696 0.
1033 3649 1077 3697 30:
1104 3643 1227 3698 irridea-

146 3713 243 3762 musae
259 3712 333 3770 00001,
355 3711 523 3775 iurassetque
542 3728 571 3761 rc
587 3713 658 3762 redi·
707 3710 794 3779 μάσαε
810 3710 843 3764 τὸ
854 3708 1010 3782 παράλογον
1027 3713 1074 3777 τῆς
1089 3709 1227 3779 τελευτῆς,

146 3783 246 3841 urum,
260 3779 521 3843 primum,utvenit,
540 3783 658 3846 captivos
707 3777 758 3831 τὸν
783 3781 834 3844 μὲν
858 3776 1005 3833 δακτύλιον
1026 3776 1163 3848 ἀφείλετο,
1189 3779 1226 3834 τὸ

146 3847 294 3912 reddendos
311 3847 341 3895 in
363 3848 459 3894 renata
474 3861 529 3896 non
547 3852 657 3909 censuit,
709 3841 740 3898 dd
748 3847 828 3915 σῶμα
837 3846 973 3916 κοσμήσας
982 3848 1116 3918 πρέποντι
1125 3845 1225 3916 κόσμῳ

148 3914 249 3979 deinde,
267 3929 326 3966 cum
344 3914 508 3965 retineantur
519 3930 536 3964 a
546 3919 656 3982 propin·
708 3918 753 3966 nai
772 3913 942 3987 περιστείλας
960 3917 1076 3984 invinare
1091 3917 1201 3969 duanae.
