2610 4402
159 221 200 283 78
437 276 439 281 ,
468 222 553 277 CATO
571 222 683 279 MAIOR.
718 240 740 278 c.
758 225 799 288 23,
818 225 927 278 82-84.

149 398 256 472 uitam,
273 415 368 458 essem
382 395 617 458 terminaturus?
632 397 739 458 Nonne
754 396 859 457 melius
870 395 964 457 multo
979 396 1092 472 luisset,
1109 397 1235 459 otiosam

159 492 189 543 et
211 482 339 561 quietam
360 490 484 543 aetatem
507 483 571 543 sine
594 482 655 543 ullo
670 490 721 541 aut
734 482 834 542 labore
849 490 900 542 aut
915 482 1110 542 contentione
1131 483 1234 544 tradu-

159 565 248 628 cere‘l
271 567 328 628 Sed
351 568 450 628 nescio
473 567 623 645 quomodo
644 567 761 627 animus
783 567 901 645 erigens
917 585 949 628 se
970 567 1172 646 posteritatem
1194 567 1234 627 ita

158 671 276 732 semper
289 653 502 732 prospiciebat,
527 652 624 730 quasi,
641 670 710 712 cum
725 651 897 713 excessisset
912 670 928 712 e
943 651 1010 724 vita,
1025 660 1089 711 tum
1104 652 1234 729 denique

158 736 289 798 victurus
304 745 390 798 esset.
421 736 506 808 Quod
523 737 641 814 quidem
658 737 689 797 ni
704 736 744 797 ita
758 755 790 798 se
805 735 941 811 haberet,
957 745 991 796 ut
1005 735 1096 797 animi
1110 737 1234 797 immor·
1254 747 1272 797 5

157 823 230 883 tales
244 829 353 895 essent,
368 822 444 884 haud
462 821 564 901 optimi
580 821 724 899 cuiusque
739 821 855 882 animus
869 821 995 882 maxime
1010 822 1047 882 ad
1061 821 1234 882 immortali-

157 916 248 968 tatem
263 916 293 967 et
306 906 430 986 gloriam
445 907 599 967 niteretur.
629 910 675 966 88.
698 906 791 981 Quid,
807 907 887 984 quod
902 906 1136 986 sapientissimus
1151 907 1234 985 quis-

159 1011 216 1070 que
232 990 407 1069 aequissimo
423 991 521 1052 animo
536 991 677 1065 moritur,
695 992 884 1052 stultissimus
899 989 1106 1069 iniquissimo?
1129 1010 1233 1052 nonne

158 1076 241 1137 vohis
255 1076 371 1137 videtur
385 1077 410 1137 is
425 1076 549 1152 animus,
565 1076 615 1155 qui
631 1077 698 1156 plus
713 1085 816 1137 cernat
831 1084 860 1138 et
874 1077 1009 1155 lougius,
1025 1076 1132 1150 videre,
1148 1095 1181 1136 se
1196 1076 1232 1136 ad

157 1162 280 1222 meliora
291 1161 448 1241 proficisci,
464 1162 512 1222 ille
525 1170 631 1235 autem,
643 1161 728 1222 cuius
739 1160 874 1222 obtusior
884 1161 923 1221 sit
934 1161 1020 1234 acies,
1037 1179 1099 1223 non
1112 1158 1234 1221 videre?
1255 1170 1286 1221 lo

157 1245 304 1325 Equidem
326 1247 434 1306 efferor
448 1247 545 1307 studio
559 1253 658 1326 patres
672 1254 801 1321 vestros,
825 1264 900 1324 quos
922 1246 1000 1307 colui
1015 1253 1045 1306 et
1063 1245 1167 1320 dilexi,
1190 1246 1233 1305 vi-

157 1331 262 1406 dendi;
278 1349 376 1408 neque
390 1349 461 1391 vero
475 1350 527 1392 eos
541 1330 637 1392 solum
652 1332 812 1392 convenire
829 1350 909 1404 aveo,
929 1350 1004 1409 quos
1019 1331 1082 1410 ipse
1097 1331 1233 1409 cognovi,
1299 1359 1304 1370 ·

158 1416 208 1476 sed
224 1416 290 1476 illos
305 1417 409 1490 etiam,
432 1416 468 1476 de
484 1415 591 1494 quibus
609 1416 705 1476 audivi
721 1424 750 1476 et
764 1416 821 1494 legi
837 1416 943 1495 etipse
958 1415 1133 1493 conscripsi.
1165 1414 1232 1486 Quo

158 1500 277 1578 quidem
291 1519 338 1560 me
359 1501 597 1580 proficiscentem
618 1501 696 1561 haud
711 1519 781 1562 sane
800 1500 884 1561 facile
900 1501 966 1579 quis
981 1500 1151 1574 retraxerit,
1176 1519 1233 1560 ncc

156 1594 307 1663 tamquam
322 1585 432 1646 Peliam
448 1586 607 1661 recoxerit;
623 1593 667 1660 et,
683 1586 708 1647 si
722 1586 790 1663 quis
805 1585 878 1647 deus
892 1585 964 1645 mihi
978 1585 1132 1663 largiatur,
1149 1593 1183 1645 ut
1197 1603 1233 1646 ex
1254 1594 1282 1644 15

156 1670 212 1731 hac
226 1679 320 1731 aetate
334 1688 540 1750 repuerascam
558 1671 632 1731 etin
649 1671 734 1731 cunis
748 1671 876 1750 vagiam,
898 1669 980 1731 valde
1002 1687 1151 1744 recusem,
1176 1688 1233 1730 nec

156 1774 226 1815 vero
252 1755 339 1816 velim
365 1757 447 1833 quasi
469 1757 594 1817 decurso
616 1756 710 1835 spatio
733 1756 768 1816 ad
791 1773 925 1817 carceres
947 1774 963 1815 a
984 1755 1065 1814 calce
1087 1755 1231 1815 revocari.

157 1844 203 1902 84.
220 1839 298 1911 Quid
312 1839 393 1900 enim
403 1840 461 1900 vita
471 1839 559 1901 habet
573 1838 743 1901 cornmodi‘l
758 1839 829 1918 quid
842 1859 903 1900 non
915 1839 1014 1919 potius
1024 1837 1157 1900 laboris?
1173 1839 1233 1899 Sed

156 1924 263 1985 habeat
277 1943 363 2000 sane3
379 1925 467 1986 habet
488 1934 568 1987 certe
582 1935 680 1986 tamen
696 1934 747 1985 aut
761 1926 924 1986 satietatem
939 1933 989 1985 aut
1004 1925 1133 1985 modum.
1164 1924 1232 1984 Non

156 2009 238 2070 lubet
253 2011 333 2069 enim
346 2011 418 2070 mihi
433 2011 587 2090 deplorare
602 2011 704 2084 vitain,
721 2012 801 2088 quod
816 2010 900 2070 multi
916 2018 945 2070 et
960 2010 980 2069 ii
994 2009 1073 2069 docti
1089 2027 1177 2088 saepe
1188 2009 1233 2069 fe·
1254 2018 1282 2069 ab

157 2103 277 2169 cerunt;
291 2112 389 2172 neque
396 2115 444 2156 me
455 2097 560 2157 vixisse
572 2096 711 2175 paenitet,
723 2095 864 2173 quoniam
876 2095 916 2155 ita
927 2095 992 2168 vixi,
1005 2102 1107 2154 utnon
1120 2094 1232 2155 frustra

192 2264 216 2314 3.
233 2265 322 2311 omnio
334 2262 474 2326 quomodo,
494 2262 520 2311 in
534 2263 607 2313 einen
619 2261 668 2313 Be·
719 2261 779 2313 dern
819 2261 910 2313 dessen
944 2260 1103 2314 Halbbruder
1136 2261 1231 2322 Aeson,

157 2328 217 2394 grill
231 2328 433 2393 verschmolzen,
452 2329 513 2390 „aul
522 2329 668 2394 unhegreil·
717 2329 813 2381 lason’s
831 2329 916 2383 Vater.
951 2329 1036 2381 Pelias
1054 2328 1143 2380 wurde
1165 2329 1231 2380 nach

154 2397 223 2448 liche
237 2395 348 2460 Weise“‚
362 2395 597 2459 ,unwillkdrlich“;
611 2397 667 2449 des·
719 2397 763 2449 der
780 2397 917 2449 Rdckkehr
934 2397 979 2449 des
990 2397 1064 2448 lason
1077 2411 1129 2447 von
1141 2397 1230 2448 seinen

155 2465 215 2516 halb
243 2465 310 2517 ohne
332 2464 444 2516 Einlluss
472 2465 518 2516 aul
539 2465 580 2516 die
602 2465 667 2517 Gon·
718 2465 825 2531 elgenen
838 2465 967 2517 Tdchtern
984 2464 1169 2516 aulAnstiften
1186 2463 1232 2515 der

155 2533 288 2584 struction.
717 2531 815 2596 Medea,
829 2533 870 2584 die
881 2533 925 2584 ihn
938 2532 1063 2584 ehenfalls
1075 2532 1155 2583 durch
1168 2531 1233 2584 Zau-

189 2604 213 2653 4.
241 2617 301 2651 cum
326 2604 479 2653 coemunt
501 2618 515 2650 e
538 2603 595 2652 nita
619 2616 666 2662 „zu
717 2601 787 2652 berei
805 2602 947 2667 verjdngen
965 2617 997 2651 zu
1016 2600 1112 2652 wellen
1123 2599 1231 2664 vorgab‚

155 2668 200 2719 der
217 2669 280 2731 Zeit,
299 2672 356 2719 wo“
376 2707 383 2720 .
402 2705 409 2719 .
427 2708 433 2720 .
452 2669 504 2734 vgl.
523 2684 545 2720 e.
559 2671 582 2731 2,
601 2669 617 2734 ξ
635 2672 665 2720 4:
717 2668 848 2720 zerstdcld
869 2669 921 2721 und
939 2668 1064 2734 gelsucht,
1083 2668 1150 2719 ohne
1168 2668 1232 2719 wie-

155 2751 215 2786 cum
233 2735 390 2796 effluerent.
718 2735 762 2788 der
788 2737 829 2788 ins
855 2737 940 2788 Lehen
967 2735 1172 2802 zurdclrgerufeu
1198 2751 1231 2786 zu

190 2806 214 2854 6.
241 2802 278 2852 ad
303 2803 532 2854 immortalitatem
559 2809 584 2853 ct
606 2804 666 2866 glo·
717 2803 828 2856 werden.
876 2804 949 2857 Ovid.
981 2803 1164 2870 Metamorph,
1179 2802 1231 2868 llll,

154 2873 233 2933 mam,
259 2868 476 2922 Unsterhlichkeit
505 2870 557 2922 und
582 2869 665 2922 Ruhm
716 2874 859 2925 ner—349.

155 2938 208 2990 di.
227 2937 414 2990 Nacbruhm.
750 2945 782 2990 ut
804 2957 838 2991 en
861 2943 911 2990 hac
929 2944 1017 2990 aetate
1034 2954 1232 3004 repuerascam,

189 3009 213 3059 8.
240 3010 330 3057 animo
348 3034 381 3044 —
397 3009 581 3072 iniquabeimo,
604 3008 666 3068 „mit
716 3008 776 3060 dass
801 3008 855 3071 ich,
875 3009 945 3072 jetzt
962 3008 1003 3059 ein
1022 3006 1109 3072 Greis,
1134 3006 1233 3059 wieder

154 3073 304 3139 Unmuth“,
340 3073 483 3140 Gegensatz
512 3091 544 3125 au
573 3078 665 3126 animo
717 3077 758 3128 eiu
775 3075 842 3127 llind
860 3075 954 3128 werde.

154 3145 322 3210 aequissimo,
340 3144 403 3204 ,mit
420 3143 606 3194 Glelchmuth“.
751 3147 790 3195 17.
810 3145 921 3194 decurso
940 3147 1028 3208 spatio
1045 3171 1080 3181 -
1095 3147 1234 3194 revocare.

144 3235 146 3239 ¹
188 3215 212 3266 9.
231 3213 268 3262 ad
277 3212 398 3272 meliora,
418 3210 444 3260 in
457 3211 530 3262 einen
543 3211 665 3262 hesseren
717 3211 848 3277 Spatium,
872 3211 916 3263 der
933 3210 1015 3263 Raum
1037 3211 1064 3262 in
1082 3211 1128 3262 der
1145 3210 1233 3263 Renu—

153 3279 272 3342 Zustand,
290 3280 317 3329 in
335 3280 392 3331 eine
409 3279 513 3330 hessere
530 3277 608 3331 Well.
715 3279 792 3332 bahn.
834 3279 973 3344 Carceres,
1001 3279 1043 3330 die
1071 3278 1232 3343 Schranken,

123 3377 126 3382 ·
189 3351 229 3398 11.
256 3348 354 3409 efferor
378 3348 468 3398 stadio
492 3375 525 3385 -
548 3347 665 3411 vivendi,
716 3347 800 3397 hinter
817 3346 933 3398 welchen
951 3346 1086 3398 dieRosse
1102 3346 1234 3399 undWa-

155 3413 212 3474 „ich
229 3413 299 3465 frihle
317 3415 384 3466 mich
401 3415 519 3480 gehoben
531 3415 611 3467 durch
624 3414 665 3465 die
716 3429 766 3480 gen
784 3430 842 3466 zum
859 3414 965 3467 Rennen
983 3414 1165 3467 hereltstehen.

154 3481 299 3532 Sehnsucht
316 3522 322 3534 .
341 3521 348 3534 .
366 3487 389 3533 ‚⁴⁴
751 3485 791 3534 20.
809 3485 889 3533 marlti
900 3511 933 3522 -
946 3483 1027 3534 docti.
1048 3481 1084 3534 So
1095 3481 1234 3549 Hegesias,

190 3551 228 3601 13.
247 3552 302 3614 epse
319 3553 473 3616 cntempsi,
497 3552 522 3601 in
541 3549 591 3602 den
610 3549 664 3601 Ori·
715 3552 851 3603 um280v.
862 3550 928 3615 Chr,
945 3566 997 3602 von
1016 3550 1074 3601 dem
1086 3550 1139 3604 Cic.
1152 3550 1233 3604 Tusc.

153 3618 233 3683 gines.
714 3618 732 3684 l,
740 3634 760 3671 c.
769 3622 810 3682 34,
823 3621 891 3682 584:
909 3619 1089 3670 llius-liber
1101 3623 1143 3669 eat
1151 3613 1234 3671 Ἀπο-

187 3701 240 3751 quo
258 3685 371 3749 quidem,
389 3701 409 3737 s.
426 3701 458 3736 zu
472 3702 493 3737 c.
512 3690 536 3749 4,
554 3688 569 3750 ἓ
589 3690 627 3738 10.
714 3686 864 3759 καρτερῶν,
882 3703 964 3752 quoa
983 3689 1039 3738 vita
1052 3687 1164 3752 quidam
1181 3703 1235 3754 per

188 3758 228 3806 15.
247 3757 383 3817 tamquam
400 3754 500 3805 Peliam
519 3757 664 3820 renumeret,
714 3755 832 3805 inediam
859 3755 995 3805 discedens
1024 3758 1170 3806 revocatur
1198 3758 1234 3807 ab

153 3823 194 3873 ein
211 3821 319 3873 lrrthum
339 3820 454 3874 Gicero’s.
484 3821 561 3873 Nicht
578 3821 664 3874 Pelias
715 3825 824 3884 amicis,
855 3825 951 3888 quibus
971 3823 1136 3889 respondens
1158 3826 1235 3875 vitae

153 3890 241 3941 wurde
267 3904 320 3941 von
342 3887 432 3940 Medea
457 3890 586 3955 verjdngt,
605 3905 663 3941 son·
716 3893 848 3942 humanae
866 3896 1006 3942 enumeret
1020 3892 1205 3945 incommoda.
