2610 4402
274 208 360 262 CATO
377 209 489 264 Marcu.
524 226 547 266 c.
567 212 606 273 12,
624 212 639 276 ξ
657 213 690 263 42
708 241 741 249 -
759 227 782 266 c.
799 213 841 280 13,
859 211 876 278 §
893 215 935 266 41.
1102 210 1141 272 51

64 386 127 458 cst,
138 394 171 444 ut
185 383 283 445 securi
298 385 400 444 feriret
415 384 543 462 aliquem
557 382 676 459 eorum,
694 385 745 462 qui
760 385 791 444 in
808 383 932 446 vinculis
947 395 1047 448 essent
1061 387 1142 447 dam·
1218 384 1220 388 ’

64 470 125 529 nati
140 469 184 529 rei
200 469 339 548 capitalis.
370 470 426 529 Hic
445 468 527 544 Tito,
550 472 641 530 fratre
657 489 728 544 suo,
752 489 893 546 censore,
916 471 967 549 qui
989 470 1141 551 proximus

63 563 131 615 ante
147 573 195 614 me
210 556 320 628 luerat,
344 554 461 633 elapsus
476 562 529 628 cst,
544 554 616 615 mihi
631 574 701 615 vcro
717 564 747 615 et
762 554 867 616 Flacco
883 557 1055 634 neutiquam
1069 575 1141 636 pro·

62 637 126 699 bari
141 639 238 718 potuit
251 649 313 699 tam
326 639 469 717 flagitiosa
484 649 514 699 et
525 647 588 700 'tam
602 640 717 719 perdita
731 639 838 714 libido,
854 660 930 719 quae
946 659 1013 701 cum
1028 641 1141 721 probro

24 732 41 781 5
55 724 176 803 privato
193 724 390 802 coniungeret
404 724 520 803 imperii
535 725 673 785 dedecus.

147 812 196 869 48.
220 809 315 888 Saepe
331 809 426 869 audivi
441 829 477 869 ex
491 809 653 870 maioribus
670 819 755 883 natu,
775 810 873 888 quise
889 829 981 889 porro
996 829 1106 889 pucros
1122 831 1139 873 a
1156 815 1191 872 13

62 893 185 954 senibus
196 894 311 977 audisse
324 893 471 968 dicebant,
486 895 587 955 mirari
599 895 718 955 solitum
730 893 761 953 C.
773 894 950 970 Fabricium,
967 894 1056 973 quod,
1072 915 1140 957 oum

61 979 141 1056 apud
162 996 263 1058 regem
285 979 432 1058 Pyrrhum
454 979 568 1059 legatus
590 989 680 1052 esset,
705 979 834 1040 audisset
849 999 865 1039 a
880 979 1020 1042 Thessalo
1041 981 1139 1056 Cinea,

30 1084 38 1092 ‘
61 1083 126 1124 csse
148 1064 297 1141 quendam
311 1063 448 1137 Athenis,
471 1066 575 1143 quise
598 1066 762 1144 sapientem
783 1067 988 1143 profiteretur,
1012 1085 1139 1145 eumque

10 1155 37 1206 to
59 1148 174 1222 dicere,
198 1149 311 1224 omnia,
335 1168 410 1227 quae
432 1151 612 1223 laceremus,
635 1151 671 1210 ad
692 1150 872 1229 voluptatem
888 1169 952 1210 csse
974 1151 1139 1211 referenda.

61 1233 149 1304 Quod
163 1253 198 1293 en
214 1252 249 1294 eo
265 1234 417 1295 audientes
431 1234 479 1296 Μ’.
495 1236 616 1296 Curium
631 1245 661 1296 et
676 1235 720 1295 Ti.
736 1234 958 1295 Coruncanium
973 1243 1075 1314 optare
1090 1254 1138 1296 so-

60 1318 136 1390 litos,
152 1328 185 1379 ut
199 1318 228 1378 id
244 1318 425 1380 Samnitibus
440 1321 555 1399 ipsique
567 1321 681 1399 Pyrrho
696 1320 933 1399 persuaderetur,
949 1339 1009 1397 quo
1024 1320 1139 1396 facilius

59 1403 139 1463 vinci
153 1413 289 1483 possent,
306 1423 374 1464 cum
388 1424 420 1465 se
434 1405 634 1484 voluptatibus
649 1405 807 1465 dedissent.
837 1404 955 1465 Vixerat
968 1404 1016 1464 Μ’.
1032 1405 1139 1466 Curius

60 1505 129 1547 cum
143 1487 297 1561 P.·Decio,
320 1490 372 1567 qui
386 1490 594 1568 quinquennio
617 1498 685 1550 ante
708 1508 776 1549 eum
799 1489 951 1550 consulem
972 1508 1004 1549 se
1019 1508 1074 1568 pro
1090 1509 1138 1550 re·

10 1581 36 1633 15
58 1571 178 1651 publica
199 1583 305 1652 quarto
327 1575 484 1635 consulatu
509 1576 680 1650 devoverat;
709 1583 797 1634 norat
824 1574 951 1634 eundem
974 1572 1136 1648 Fabricius

60 1667 147 1719 norat
162 1657 381 1734 Coruncanius3
397 1661 448 1738 qui
462 1679 530 1721 curn
541 1680 577 1721 ex
588 1679 641 1728 sua
656 1659 721 1733 vita,
737 1669 801 1718 tum
816 1676 852 1719 ex
868 1659 940 1732 eius,
956 1677 1045 1736 quem
1060 1659 1136 1731 dieo,

59 1742 140 1803 Decii
161 1744 239 1803 facto
261 1744 447 1817 iudicabant,
475 1765 539 1807 esse
561 1747 695 1826 prolecto
718 1744 827 1823 aliquid
850 1753 955 1804 natura
977 1743 1136 1822 pulchrum

58 1837 147 1906 atque
162 1828 357 1907 praeclarum,
373 1830 454 1908 quod
468 1849 520 1891 sua
535 1838 642 1909 sponte
658 1837 818 1908 peteretur,
835 1829 975 1907 quodque
993 1839 1092 1907 spreta
1107 1838 1137 1890 et

58 1921 228 1991 contempta
249 1913 398 1992 voluptate
413 1914 542 1993 optimus
557 1915 683 1994 quisque
698 1924 883 1992 sequeretur.
919 1917 966 1975 44.
986 1914 1136 1985 Quorsum

10 2005 34 2057 to
56 1996 147 2076 igitur
160 2005 220 2058 tarn
234 1998 326 2059 multa
341 1999 377 2059 de
391 1997 562 2079 voluptate?
581 2000 656 2071 Quia
671 2018 733 2059 non
749 1998 837 2059 modo
852 1997 1027 2077 vituperatio
1045 1999 1135 2072 nulla,

57 2082 111 2143 sed
125 2083 213 2143 etiam
227 2102 340 2144 summa
356 2084 420 2145 laus
440 2084 603 2147 senectutis
621 2093 681 2156 est,
703 2084 783 2162 quod
798 2103 832 2143 ea
853 2083 1018 2161 voluptates
1040 2083 1136 2144 nullas

57 2185 166 2246 magno
182 2186 272 2246 opere
288 2169 441 2230 desiderat.
472 2171 556 2231 Caret
573 2169 669 2249 epulis
684 2168 901 2246 exstructisque
915 2168 1026 2228 mensis
1036 2169 1090 2228 ctl
1121 2202 1135 2213 ·

56 2319 89 2368 ab
114 2333 144 2367 co
171 2317 250 2380 fidem
271 2333 399 2383 praoccm
425 2320 569 2386 occiperet)
622 2317 728 2370 Schuler
738 2317 783 2369 des
792 2317 978 2370 Demosthenes
990 2316 1043 2367 und
1053 2318 1134 2370 selbst

56 2384 108 2436 und
120 2400 191 2436 zwar
202 2385 249 2436 mit
261 2385 349 2451 cigner
360 2385 432 2438 lland
443 2387 568 2453 getddtct.
621 2385 729 2450 Rodum,
743 2385 784 2436 bei
793 2384 907 2452 Pyrrhus
917 2386 943 2434 in
953 2385 1072 2436 Ausehen
1082 2385 1133 2436 und

55 2451 177 2504 Plutarch
184 2452 246 2505 Cato
255 2468 277 2505 c.
287 2456 316 2505 ll
328 2459 406 2506 neunt
413 2454 467 2506 dies
474 2454 570 2506 Ueber·
585 2456 589 2461 ’
620 2468 672 2504 von
682 2453 734 2503 ihm
744 2468 775 2503 zu
785 2453 855 2504 einer
862 2451 1059 2504 Gesandtschalt
1068 2453 1133 2504 nach

56 2521 176 2586 treibung
194 2520 246 2572 und
263 2520 349 2573 berult
367 2521 421 2573 sicli
433 2522 508 2574 dabei
526 2518 572 2574 aui
621 2520 685 2574 Rom
703 2522 817 2571 benutzt.

55 2587 103 2639 das
126 2588 251 2654 Zeugniss
276 2589 385 2640 Cicero’s
408 2605 440 2641 an
465 2605 570 2641 nnserer
655 2591 678 2640 9.
698 2605 751 2638 esse
772 2588 903 2653 quendam
920 2589 1040 2638 Athenis.
1075 2587 1134 2653 Epi-

55 2654 145 2708 Stelle.
619 2655 675 2717 kur,
689 2654 780 2708 Stiltcr
790 2655 834 2706 der
846 2654 910 2706 nach
922 2655 975 2706 ihm
987 2661 1133 2720 genannten

90 2726 121 2774 in
130 2722 226 2776 Gallia.
242 2723 567 2777 NachseinemConsulate
620 2723 723 2786 Schule,
742 2724 799 2789 geb.
819 2726 876 2786 342,
895 2727 912 2787 †
930 2725 979 2776 270
998 2739 1022 2775 v.
1041 2723 1098 2775 Chr.

56 2807 111 2843 war
121 2792 173 2843 ilun
185 2791 227 2843 die
235 2791 404 2858 Vernaltung
416 2792 498 2844 dieser
507 2792 568 2846 Pro·
656 2796 694 2845 11.
713 2791 757 2843 Μ’.
773 2791 884 2844 Corium
901 2797 928 2842 ct
947 2791 985 2846 Ti.
1000 2791 1134 2844 Corunca-

55 2861 115 2911 vinz
133 2859 285 2925 ungelallen.
619 2864 702 2912 nium.
738 2876 758 2911 s.
777 2877 799 2911 c.
818 2862 875 2923 6,§
897 2862 935 2910 15.

91 2931 115 2980 2.
128 2927 195 2992 Tito,
206 2925 294 2988 fratrc
305 2943 362 2990 ruo,
374 2942 498 2978 censore:
513 2931 568 2980 189.
655 2933 694 2979 14.
707 2943 767 2977 com
776 2927 905 2978 RDecio.
927 2925 955 2978 P.
965 2925 1057 2977 [iccius
1066 2924 1131 2985 Mus,

64 3021 67 3026 ·
91 2999 114 3047 3.
140 2995 243 3060 elopem
265 3001 316 3060 cri,
343 3010 371 3046 cr
396 2996 503 3060 entging
525 2995 569 3046 der
620 2993 690 3046 Sohn
704 2994 749 3045 des
761 2993 965 3059 gleichnamigen
977 2992 1076 3043 Vatcrs.
1099 2992 1132 3043 Er

56 3063 148 3116 Strato.
620 3061 752 3113 entschied
770 3062 804 3111 im
822 3059 908 3112 1.·195
928 3061 976 3112 den
990 3059 1051 3125 Sieg
1068 3059 1132 3111 uber

89 3131 199 3183 Flacco.
238 3129 355 3182 Valerius
380 3129 500 3192 Flaccus,
525 3128 570 3181 der
621 3129 662 3181 die
684 3128 779 3182 Gallier
804 3128 856 3181 und
881 3128 1008 3181 Samniter
1034 3129 1060 3177 in
1087 3125 1132 3178 der

55 3200 241 3264 Amtsgcnossc
259 3198 304 3250 des
318 3199 380 3250 Cato
399 3199 425 3249 in
443 3197 488 3248 der
505 3196 569 3249 Cen·
620 3197 741 3250 Schlacht
759 3197 801 3248 bei
820 3195 953 3249 Sentinum
971 3212 1002 3247 zu
1015 3195 1131 3246 Cunstcn

57 3283 114 3329 sur,
139 3266 189 3317 wic
213 3264 299 3316 lrdher
316 3266 350 3316 im
368 3266 491 3318 Consulat
513 3268 567 3318 195.
620 3265 664 3318 der
676 3265 776 3330 Rimer,
795 3265 880 3317 indem
893 3280 920 3316 er
932 3265 995 3329 sich,
1013 3263 1062 3317 wie
1075 3261 1131 3313 sein

91 3339 114 3387 5.
132 3336 241 3399 imperii
258 3334 383 3399 dedecus,
406 3333 466 3384 weil
489 3349 517 3385 er
533 3334 569 3384 im
620 3332 698 3385 Vater
719 3332 745 3384 in
764 3333 808 3384 der
826 3332 948 3384 Schlacht
967 3331 1009 3383 bei
1028 3330 1130 3382 Veseris

42 3403 154 3465 ,Numen
172 3402 217 3453 des
240 3401 384 3454 romischen
403 3399 494 3452 Senats
517 3400 569 3453 und
618 3404 679 3460 1310
702 3418 727 3453 ν.
749 3401 817 3465 Chr.)
843 3401 937 3466 gethan
962 3400 1045 3461 hatte,
1072 3397 1130 3450 uem

55 3470 153 3522 Volkes
171 3469 212 3521 die
230 3469 339 3522 Provinz
357 3469 516 3521 verwaltcte.
620 3467 691 3521 'lodo
703 3469 805 3520 weihte.
835 3468 985 3529 Liv.ll,28:
1003 3483 1057 3532 qua
1069 3482 1131 3517 con·

92 3543 115 3591 6.
130 3554 224 3603 porro,
242 3538 313 3589 nicht
330 3554 378 3590 nur
394 3553 446 3589 von
464 3537 568 3589 dchu-
617 3535 791 3598 fotissimam
833 3539 957 3587 cernebat
992 3535 1130 3587 Gallorum

56 3605 146 3668 kunst,
170 3604 280 3657 sondern
302 3606 381 3668 auch,
407 3605 568 3671 wenngleieli
619 3603 1130 3670 aciecn,concitcthuurn;inserensque

55 3674 175 3736 seltener,
187 3688 238 3725 von
251 3673 296 3724 der
307 3673 513 3740 Vergangenheit
525 3689 569 3740 gc·
618 3677 719 3738 sciprio
730 3672 836 3733 infestis
848 3672 907 3722 telis
918 3671 1075 3733 interfector
1084 3675 1130 3723 cci.

54 3741 171 3794 braucht
654 3744 693 3793 20.
712 3743 888 3806 vituperatio,
904 3740 1047 3807 passivisch
1067 3737 1130 3799 „Ge-

90 3815 114 3862 7.
134 3809 161 3861 C.
177 3809 351 3873 Fabricium,
370 3824 390 3860 s.
408 3824 430 3862 o.
449 3811 474 3875 6,
491 3809 509 3876 §
530 3813 568 3861 15.
620 3808 746 3874 genstand
758 3807 804 3860 des
813 3807 932 3861 Tadels“.
950 3808 1008 3874 Vgl.
1019 3808 1130 3869 offensio

92 3881 115 3931 S.
135 3876 286 3928 aTlressalo
297 3877 385 3929 Cinea.
418 3877 509 3928 Cineas
526 3876 567 3927 ein
619 3892 641 3928 c.
663 3879 700 3942 ts,
719 3877 807 3943 1115.λ

885 3960 924 4012 4*
