2610 4402
248 257 254 266 ‘
351 245 437 297 CATO
454 244 565 301 metult
601 261 623 297 c
644 247 818 313 15554-
837 262 861 301 c.
880 249 918 310 16,
937 246 953 313 ὅ
972 252 1013 301 55.
1176 245 1218 304 59

141 419 216 494 dixi,
240 427 269 479 et
284 428 388 480 natura
411 419 475 497 ipsa
496 420 547 480 sed
571 420 656 480 etiam
680 419 796 480 cultura
810 420 959 494 delectat,
972 420 1218 484 adminiculorum

141 504 271 576 ordines,
289 503 419 583 capitum
433 503 553 582 iugatio,
569 503 702 584 religatio
717 512 747 564 et
760 505 934 584 propagatio
950 505 1066 580 vitium,
1084 524 1217 568 sarmen-

140 598 241 650 torum
252 607 295 663 ea,
312 606 399 667 quam
411 588 479 662 dixi,
497 589 622 649 alionum
634 589 804 668 amputatio,
820 589 945 650 aliorum
959 590 1110 651 immissio.
1140 592 1217 662 Quid

143 693 199 753 ego
213 674 410 753 irrigationes,
424 672 494 752 quid
507 674 653 735 fossiones
664 673 727 752 agri
738 675 1043 753 repastinationesque
1058 677 1219 753 proferam,

99 768 119 818 5
142 758 250 838 quibus
272 760 305 818 lit
326 759 418 818 mrdto
442 765 520 818 terra
542 756 721 819 secundior?
750 763 799 818 54.
816 759 892 829 Quid
916 760 952 819 de
967 760 1091 820 utilitate
1113 760 1218 840 loquar

140 841 346 905 stercorandi?
361 843 426 904 Dixi
440 843 472 904 in
488 863 524 905 eo
539 843 625 917 libro,
639 861 728 922 quem
743 843 884 905 derebus
899 844 1017 906 rusticis
1032 845 1145 924 scripsi.
1175 847 1217 906 lle

142 947 200 1007 qua
221 929 326 989 doctus
342 927 487 989 Hesiodus
510 946 548 989 ne
566 928 688 989 verbum
710 926 830 1006 quidem
844 929 930 1003 fecit,
953 948 1022 989 cum
1044 930 1080 990 de
1102 931 1218 991 cultura

141 1013 204 1092 agri
215 1012 367 1074 scriberet.
398 1013 435 1072 At
446 1012 603 1088 Homerus,
619 1013 670 1091 qui
684 1011 792 1086 multis,
807 1021 841 1072 ut
853 1013 924 1073 mihi
935 1014 1059 1087 videtur,
1072 1023 1140 1076 aute
1152 1035 1216 1076 sae-

142 1098 216 1159 culis
230 1098 301 1172 fuit,
324 1098 459 1158 Laertam
475 1098 636 1158 lenientem
652 1097 847 1172 desiderium,
870 1097 950 1176 quod
965 1098 1100 1176 capiebat
1114 1119 1131 1159 e
1146 1100 1216 1174 filio,

89 1191 120 1244 to
141 1183 286 1244 colentem
310 1201 414 1261 agrum
429 1190 459 1243 et
480 1201 548 1243 eum
570 1191 783 1245 stercorantem
799 1183 878 1243 iacit.
907 1183 968 1243 Nec
982 1201 1053 1244 vero
1068 1184 1217 1263 segetibus

141 1268 238 1329 salum
248 1275 282 1337 et
296 1267 388 1346 pratis
403 1275 432 1328 et
445 1267 538 1328 vineis
553 1276 583 1328 et
597 1267 724 1329 arbustis
739 1286 787 1328 res
807 1268 933 1328 rusticae
947 1267 1039 1328 laetae
1055 1276 1142 1343 sunt,
1166 1269 1217 1329 sed

140 1352 236 1413 hortis
249 1352 335 1412 etiam
348 1360 378 1413 et
391 1352 542 1432 pomariis,
556 1362 620 1413 tum
635 1354 782 1432 pecudum
798 1361 892 1431 pastu,
908 1353 1008 1432 epium
1023 1353 1216 1426 examinibus,

140 1437 249 1498 tiorum
264 1437 397 1498 omnium
412 1437 560 1498 varietate.
591 1438 651 1498 Nec
672 1437 856 1498 consitiones
873 1437 961 1497 modo
978 1438 1140 1511 delectant,
1164 1438 1216 1500 sed

140 1521 229 1582 etiam
244 1521 407 1595 insitiones,
424 1522 533 1601 quibus
548 1522 622 1583 nihil
636 1522 750 1581 invenit
765 1521 826 1600 agri
842 1521 958 1582 cultura
973 1522 1130 1583 sollertius.

87 1616 118 1667 15
208 1611 271 1667 55.
293 1607 418 1668 Possum
440 1608 579 1686 persequi
600 1607 747 1685 permulta
770 1604 986 1667 oblectamenta
1008 1624 1109 1667 rerum
1126 1607 1216 1668 rusti·
1233 1615 1268 1670 li

141 1709 259 1767 carum3
275 1693 326 1752 sed
341 1693 413 1751 haec
428 1692 506 1770 ipsa,
530 1710 606 1771 quae
623 1691 698 1765 diui,
722 1690 818 1751 sentio
840 1691 930 1751 fuisse
953 1691 1096 1770 longiora.
1126 1691 1216 1770 lgna·

140 1777 228 1837 scetis
243 1785 356 1851 autem;
374 1794 443 1836 nam
458 1784 488 1836 et
502 1776 599 1838 studio
615 1794 713 1837 rerum
730 1775 906 1836 rusticarum
922 1784 1080 1854 provectus
1094 1795 1169 1849 sum,
1187 1785 1217 1836 et
1246 1852 1249 1857 .

141 1870 280 1922 senectus
295 1868 339 1921 est
355 1868 459 1920 natura
474 1861 643 1938 loquacior,
666 1880 705 1920 ne
721 1860 756 1920 ab
780 1859 918 1921 omuibus
942 1880 1006 1920 eam
1021 1861 1097 1921 vitiis
1118 1861 1217 1921 videar
1267 1865 1269 1870 '

139 1945 297 2006 vindicare.
326 1945 406 2025 Ergo
421 1946 451 2005 in
468 1945 523 2005 hac
538 1946 596 2006 vita
611 1945 658 2006 Μ’.
675 1945 796 2016 Curius,
820 1962 888 2004 cum
908 1944 944 2005 de
960 1944 1157 2019 Samnitibus,
1180 1945 1216 2004 de

85 2040 118 2090 20
131 2029 266 2103 ,Sabinis
282 2028 318 2090 de
332 2029 447 2112 Pyrrho
462 2029 687 2110 triumphasset,
711 2029 896 2108 consumpsit
917 2037 1082 2090 extremum
1100 2037 1217 2109 tempus

174 2144 655 2212 neapiamaugarao,dieterbindung
704 2147 750 2194 καὶ
767 2140 871 2214 ἡμέραι.
906 2142 990 2196 Ueber
1007 2143 1103 2196 Hesiod
1122 2144 1175 2210 vgl.
1194 2160 1216 2196 c.

140 2213 185 2266 der
203 2212 358 2279 Plabllropie
376 2212 455 2264 durch
475 2212 632 2274 Querlatten.
706 2213 763 2276 l,§
785 2214 826 2263 23.
1018 2272 1020 2274 .

174 2284 338 2347 propagatio
355 2283 459 2341 vitium,
481 2280 527 2332 das
540 2280 653 2333 ·Weiter-
738 2282 763 2330 9.
783 2279 910 2330 hairtam
923 2279 1062 2329 lenientem
1075 2309 1105 2316 -
1119 2283 1218 2329 stereo-

140 2349 230 2400 zielren
262 2347 307 2400 der
339 2347 508 2401 Weinstoclre
540 2364 572 2400 an
605 2349 653 2400 den
704 2352 810 2398 rantem
827 2345 902 2407 facti.
925 2345 1009 2397 Ueber
1025 2344 1095 2406 facit
1111 2361 1131 2398 s.
1145 2362 1177 2397 zu
1194 2362 1217 2399 c.

139 2416 239 2468 butten.
708 2419 730 2476 t,
749 2417 765 2477 ,5
784 2417 811 2473 3;
836 2416 975 2463 lenientem
993 2414 1044 2464 wie
1064 2429 1087 2466 c.
1105 2417 1129 2478 1,
1149 2415 1165 2477 ᾖ
1186 2417 1217 2466 10

175 2487 372 2534 sarmentorum
400 2499 444 2547 ea,
474 2498 555 2548 quam
585 2483 653 2547 dini,
705 2481 848 2539 diuidenti;
876 2495 920 2531 zur
943 2480 1025 2532 Sacbe
1049 2480 1102 2548 vgl.
1126 2481 1218 2534 Homer

140 2552 259 2603 aliorum
289 2553 437 2616 amputatio
467 2550 570 2602 beaiebt
599 2551 654 2602 sich
706 2547 752 2599 (ld.
769 2547 858 2612 xxrtt,
875 2550 939 2598 224:
1055 2600 1069 2610 q

140 2618 188 2671 aui
208 2618 250 2669 die
272 2615 362 2669 Worte
387 2617 466 2684 §522
495 2634 576 2684 quam
599 2634 653 2668 aer-
738 2615 790 2667 τὸν
801 2611 826 2666 δ’
845 2613 907 2668 aloa
924 2609 1018 2684 πατέρ’
1038 2611 1117 2683 εὗρεν
1134 2605 1219 2667 ἐΰκτι-

137 2687 652 2754 pentem-coereetareagrioolarum
908 2685 977 2768 pipp
995 2685 1026 2733 iu
1042 2679 1120 2754 ἀλωῇ

139 2771 175 2805 ne
191 2755 314 2805 silvescat
328 2757 478 2806 samanae.
759 2780 761 2785 <
808 2747 984 2821 lacapeuoaaa
1001 2747 1096 2820 φυτόν·

176 2822 293 2872 aliorum
303 2824 440 2886 immissio,
457 2821 502 2873 das
514 2819 654 2873 Wachsen·
707 2820 773 2881 „wie
800 2834 827 2871 er
854 2818 895 2870 die
917 2817 1059 2871 Geauehse
1084 2819 1219 2885 umgrub“‚

141 2889 236 2952 lassen,
261 2889 323 2954 geht
346 2889 391 2940 aul
408 2891 423 2954 ᾖ
443 2893 489 2940 53;
509 2929 515 2940 .
534 2927 541 2940 .
559 2891 588 2938 in
607 2891 653 2950 eie,
705 2887 795 2939 uomit
812 2886 1024 2938 wabrscheinlicli
1048 2886 1095 2938 das
1111 2886 1220 2952 Ilirngen

140 2972 211 3022 quae
222 2956 318 3007 relicta
329 2961 401 3021 eunt,
414 2959 507 3006 aautit
518 2960 654 3021 tamquam
705 2951 855 3005 verbunden
872 2969 905 3004 zu
926 2954 982 3004 sein
999 2953 1105 3020 pdegte.

142 3024 179 3075 ad
187 3024 318 3075 articulos
327 3028 524 3075 immentorum
536 3041 575 3085 aa,
585 3038 654 3089 quae
744 3024 781 3073 13.
800 3023 960 3070 consitiones
971 3048 1005 3057 -
1016 3023 1164 3082 insitiones,
1178 3020 1219 3074 die

140 3106 246 3158 guarna
264 3091 371 3142 dicitur.
705 3087 913 3154 maunigiachm'
925 3088 1004 3140 arten
1028 3087 1074 3140 des
1097 3089 1219 3155 Anpflan-

175 3163 200 3211 4.
218 3162 453 3224 repastinationem
477 3158 523 3210 das
541 3157 656 3210 Wieder-
707 3170 768 3208 zeus
788 3155 840 3208 und
857 3154 903 3207 des
920 3155 1065 3222 Plroptens.

141 3227 282 3292 ungraben
291 3227 338 3278 mit
347 3226 404 3278 dem
413 3225 656 3294 pastinumtferra-
743 3227 782 3276 16.
794 3239 900 3293 poscam
908 3226 1042 3289 persequi.
1063 3222 1119 3286 Wir
1132 3228 1219 3276 setzeu

140 3299 259 3345 mentum
288 3293 437 3358 bifurcum,
473 3311 526 3360 quo
555 3297 656 3345 ceruina
707 3292 756 3343 deu
775 3290 937 3356 CouJunctiv.

138 3365 321 3430 panguntur).
744 3363 783 3411 11.
797 3362 942 3425 provectus
952 3372 1027 3427 eum,
1038 3357 1096 3419 ,ich
1103 3358 1148 3409 bin
1158 3358 1220 3410 lort-

177 3434 200 3483 6.
228 3430 288 3481 diai
312 3432 344 3480 in
369 3445 399 3480 eo
423 3429 500 3493 labra,
524 3444 602 3494 quern
624 3429 668 3479 ala·
707 3427 819 3493 geidhrt,
835 3425 1142 3491 sangenssenworoem.
1161 3425 1219 3493 Vgl.

141 3501 221 3548 rebus
241 3500 351 3548 matiam
366 3499 470 3563 scripsi.
494 3495 541 3547 uie
553 3497 598 3547 aul
608 3511 657 3549 uns
708 3511 730 3547 c.
749 3498 773 3560 9,
791 3494 808 3560 ᾖ
826 3497 867 3546 28.

142 3580 218 3616 weun
231 3565 379 3616 aucbnicHt
396 3579 461 3630 ganz
479 3563 655 3616 unverlilsclrt
744 3565 781 3615 18.
800 3577 833 3611 ne
859 3562 892 3610 ab
919 3561 1040 3610 omnibaa
1066 3576 1125 3612 eam
1150 3565 1221 3612 vitiu

143 3632 312 3699 gelrommene
325 3631 421 3684 Schriit
437 3632 507 3684 frihrt
525 3631 574 3684 deu
586 3631 654 3684 Titel
706 3631 801 3680 uidear
818 3628 965 3679 uindicare.
991 3626 1049 3694 Vgl.
1062 3644 1094 3679 zu
1105 3634 1137 3679 ut
1148 3645 1221 3679 meae

143 3701 350 3752 aeremitae.
706 3700 848 3747 senectutis
875 3724 907 3733 -
933 3698 1051 3746 noscatis
1075 3696 1092 3762 ξ
1119 3700 1160 3749 52.
1187 3724 1220 3734 --

177 3772 200 3819 1.
219 3768 348 3818 Hesiodus
371 3783 405 3817 ne
421 3769 529 3818 aerium
550 3766 656 3832 quidem
709 3763 1220 3824 Vitiiaoidearaindioare,Alliteration'.

142 3836 216 3897 feeit,
242 3850 303 3887 eum
326 3835 358 3886 de
379 3836 488 3886 audura
511 3837 575 3900 agri
590 3837 656 3885 eari-
707 3832 765 3898 Vgl.
783 3847 805 3883 c.
826 3836 865 3898 11,
883 3831 900 3898 ξ
918 3833 959 3883 te.

142 3906 224 3969 beret,
240 3903 267 3955 in
284 3903 382 3955 seinem
394 3901 577 3968 bebrgedicbte
589 3902 655 3970 ἔργα
742 3901 782 3953 19.
801 3902 847 3952 Μ’.
865 3900 970 3953 Curias.
988 3914 1009 3950 s.
1028 3913 1050 3950 a.
1069 3900 1093 3962 6,
1110 3897 1127 3961 ξ
1147 3900 1185 3949 15.
