2610 4402
173 223 214 284 68
311 222 396 276 eure
414 221 526 276 uuna
561 239 584 276 ο.
605 225 644 290 16,
661 225 677 288 ς
696 225 737 277 66.
755 225 796 276 66.
814 250 849 260 -
866 237 888 276 c.
910 225 949 288 19,
966 224 982 287 6
1001 225 1042 275 66.
1060 226 1101 276 66.

172 397 328 459 coacescit.
359 395 1250 474 Severitateminsenectuteprob0,eteam,si·

175 481 552 556 eutalia,m0dicam;
569 479 1073 541 acerbitatemnullcmcdc.
1107 481 1249 542 dalva-

174 567 241 628 ritia
251 586 322 628 vero
337 565 438 627 senilis
453 565 523 645 quid
539 565 594 627 sibi
609 565 687 639 velit,
703 584 765 625 nnn
781 564 931 644 intellego.
960 565 1062 627 Potest
1073 566 1152 626 enim
1164 567 1249 644 quic-

175 670 264 730 quam
279 670 343 713 esse
357 650 523 725 absurdius,
539 669 637 729 quam,
653 668 713 728 quc
724 649 786 710 viae
799 649 898 710 minus
909 657 1009 725 restat,
1025 669 1062 711 ec
1073 650 1140 730 plus
1150 651 1249 713 viatici

176 734 339 816 quaerere?
1271 743 1285 792 a

123 837 160 892 19
262 821 405 893 Quarta
420 829 543 881 restat
559 838 687 893 causa,
709 837 784 897 quae
798 819 924 879 maxime
938 837 1048 898 angere
1063 827 1152 898 atque
1167 820 1249 881 selli-

175 909 264 969 citam
274 906 384 967 habere
396 913 528 966 nostram
539 912 663 965 aetatem
675 904 798 978 videtur,
814 903 1136 983 appropinquatio
1150 923 1249 966 mor-

176 993 241 1066 tis,
264 1010 340 1070 quae
356 998 437 1051 certe
451 1008 468 1050 a
482 997 636 1051 senectute
652 1007 714 1049 non
730 996 828 1067 potest
842 1007 907 1050 esse
921 989 1019 1068 longe.
1064 989 1089 1050 0
1106 990 1250 1052 miserum

176 1095 287 1151 senem,
305 1076 355 1154 qui
369 1083 497 1136 mertem
511 1075 761 1136 contemnendam
775 1092 839 1140 esse
854 1074 884 1134 in
900 1082 961 1134 tam
976 1074 1064 1153 longa
1074 1080 1170 1135 aetate
1181 1095 1249 1155 ,nen

176 1162 294 1237 viderit3
310 1179 386 1239 quae
401 1168 452 1220 aut
466 1160 554 1239 plane
566 1159 748 1239 neglegenda
761 1167 814 1231 est,
829 1159 855 1219 si
870 1159 993 1219 omnine
1009 1160 1171 1239 exstinguit
1185 1161 1250 1221 ani·
1273 1164 1299 1215 1⁰

177 1265 268 1321 mum,
292 1253 341 1306 aut
357 1245 445 1305 etiam
460 1246 597 1323 optanda,
620 1245 644 1306 si
659 1244 758 1322 aliquo
774 1262 842 1303 eum
858 1244 990 1319 deducit,
1011 1244 1064 1304 ubi
1077 1245 1116 1305 sit
1129 1245 1250 1307 futurus

177 1340 325 1392 aeternus.
355 1330 443 1408 Atqui
463 1330 584 1390 tertium
607 1337 686 1390 certe
709 1328 783 1389 nihil
804 1329 929 1388 inveniri
949 1336 1057 1407 petest.
1100 1333 1147 1390 dl.
1172 1330 1251 1401 Quid

177 1416 267 1496 igitur
287 1415 421 1489 timeam,
443 1416 467 1474 si
490 1423 540 1474 aut
561 1434 623 1475 nen
644 1413 735 1475 miser
754 1420 963 1493 postmortem
978 1413 1146 1476 authentus
1161 1415 1251 1476 etiam

177 1503 296 1563 futurus
306 1498 392 1561 sum?
408 1499 593 1578 Quamquam
605 1499 672 1578 quis
684 1507 729 1559 est
739 1506 800 1559 tam
810 1498 926 1573 stultus,
942 1499 1074 1576 quamvis
1091 1498 1129 1560 sit
1148 1498 1251 1561 adule-

178 1605 274 1659 scens,
297 1586 345 1647 cui
360 1585 398 1646 sit
412 1585 605 1664 exploratum,
626 1603 658 1646 se
673 1585 709 1644 ad
723 1601 880 1662 vesperum
895 1602 959 1644 esse
974 1582 1143 1645 victurum?
1170 1584 1250 1655 Quin
1272 1587 1299 1637 15

180 1671 267 1732 etiam
281 1680 360 1731 aetas
375 1670 424 1730 illa
439 1670 531 1730 multo
546 1670 656 1748 plures,
683 1686 771 1747 qnam
787 1676 904 1741 nostra,
931 1669 1034 1730 mortis
1049 1687 1135 1730 casus
1150 1669 1250 1730 habet.

179 1755 305 1816 Facilius
330 1756 361 1814 in
388 1754 509 1816 morbos
530 1755 667 1815 incidunt
688 1753 908 1828 adulescentes3
935 1753 1052 1832 gravius
1077 1762 1250 1833 aegrotant3

179 1839 291 1901 tristius
306 1845 457 1899 curantur.
486 1839 589 1917 ltaque
604 1839 691 1918 pauci
705 1838 829 1899 veniunt
844 1838 879 1898 ad
895 1847 1095 1915 senectutem3
1122 1840 1202 1918 qued
1219 1840 1251 1900 ni

179 1925 219 1986 ita
233 1925 387 1998 accideret,
403 1923 507 1984 melius
523 1932 552 1984 et
566 1923 744 2003 prudentius
754 1922 910 1984 viveretur.
933 1923 1018 1986 Mens
1033 1923 1114 1985 enim
1129 1932 1160 1986 et
1175 1924 1251 1985 ratic

179 2019 209 2071 et
223 2009 381 2071 consilium
396 2009 428 2069 in
444 2009 565 2070 senibus
581 2018 639 2084 est3
662 2009 713 2087 qui
728 2008 753 2070 si
768 2008 843 2069 nulli
858 2008 992 2083 luissent,
1010 2009 1109 2070 nullae
1124 2009 1249 2071 omnino
1271 2011 1297 2061 2⁰

180 2094 310 2155 civitates
332 2093 466 2155 luissent.
496 2094 554 2154 Sed
575 2095 665 2154 redeo
686 2095 722 2154 ad
743 2096 873 2153 mortem
891 2093 1123 2172 impendentem.
1161 2095 1250 2166 Quod

180 2185 224 2239 est
239 2177 317 2239 istud
333 2179 447 2238 crimen
462 2179 634 2252 senectutis,
660 2197 728 2239 cum
743 2178 772 2239 id
788 2177 815 2238 ei
830 2177 951 2239 videatis
967 2197 1036 2239 cum
1050 2179 1251 2241 adulescentia

180 2281 243 2326 esse
259 2261 440 2324 commune?
483 2267 532 2324 66.
548 2263 634 2324 Sensi
649 2282 704 2342 ege
720 2263 751 2323 in
767 2262 879 2342 optimc
896 2263 965 2339 filio,
981 2271 1014 2325 tu
1028 2263 1059 2324 in
1075 2265 1252 2344 exspectatis

214 2416 422 2477 temeritatem,
434 2410 476 2462 die
487 2411 690 2464 auidasWahre
740 2411 922 2478 Behauptung‚
940 2411 999 2464 dass
1017 2411 1062 2464 das
1081 2413 1253 2466 Greisenalter

178 2480 230 2533 und
259 2479 356 2532 Rechte
387 2479 513 2532 bedachte
543 2478 691 2532 Sitten·
740 2479 999 2544 vorzugsweisedem
1008 2478 1080 2533 Tode
1093 2481 1253 2546 mnesteus,

180 2551 328 2613 strenge;
361 2551 503 2613 acerbitas,
531 2547 574 2600 die
603 2548 690 2613 herbe,
739 2549 766 2598 in
787 2547 896 2600 Abrede.

178 2617 257 2668 rauhe
278 2616 367 2681 Form,
388 2617 415 2666 in
439 2615 550 2668 welcher
573 2617 621 2667 wir
644 2617 691 2668 mit
778 2619 816 2667 15.
836 2618 881 2666 cui
897 2617 936 2665 rit
952 2615 1133 2683 explosam,
1154 2617 1214 2680 „der
1226 2631 1254 2669 es

179 2682 229 2735 den
246 2682 386 2735 Menschen
402 2684 553 2738 verkehren.
741 2683 825 2736 sicher
843 2687 966 2735 wdsste·“
989 2704 993 2711 ,

214 2751 238 2801 2.
257 2753 375 2800 avaritia
388 2779 418 2788 -·
431 2767 485 2801 non
502 2751 629 2816 intellego
647 2751 692 2802 be·
778 2753 816 2803 18.
836 2753 941 2802 tristius
958 2756 1099 2803 curantur.
1128 2751 1256 2806 lhrcllei·

180 2816 249 2867 nieht
278 2815 333 2867 sich
362 2817 408 2866 aul
432 2816 473 2868 die
499 2817 561 2868 hura
587 2819 690 2870 vorher-
740 2818 804 2885 lung
827 2818 861 2869 ist
882 2819 929 2869 mit
951 2820 1023 2872 mehr
1045 2818 1254 2874 Bekdmmernise

180 2883 313 2952 geheuden
328 2883 418 2936 Worte
435 2889 464 2936 at
479 2890 542 2936 mant
558 2915 592 2924 —
610 2891 691 2938 etiam
740 2885 897 2952 verbunden,
910 2888 971 2939 weil
982 2889 1021 2940 sie
1032 2888 1202 2956 schwieriger
1212 2889 1255 2941 ist.

179 2955 265 3005 avait.
776 2955 849 3020 quad
877 2956 908 3004 m*
933 2958 972 3007 ita
1000 2957 1147 3022 accideret,
1178 2972 1256 3009 wenu

213 3024 237 3074 6.
256 3025 356 3087 quartu
373 3025 458 3071 restat
475 3035 564 3073 causa.
600 3021 691 3074 Vier·
741 3023 812 3074 nicht
829 3037 860 3072 so
878 3022 946 3075 viele
959 3025 1027 3090 jung
1043 3024 1160 3090 sturben,
1178 3040 1256 3077 weun

181 3093 230 3141 ter
241 3088 308 3140 Hau
315 3087 452 3154 pttheil.
476 3087 544 3154 (Vgl.
554 3105 575 3141 c.
585 3093 609 3154 5,
619 3091 634 3156 ξ
645 3095 689 3144 15:
742 3104 769 3141 es
787 3091 859 3142 mehr
876 3091 928 3142 alte
940 3091 1019 3143 Lente
1030 3092 1104 3158 gilbe,
1123 3107 1154 3146 sc
1166 3092 1256 3147 winde

180 3161 315 3223 quartam,
338 3156 411 3221 qued
427 3157 494 3206 haut
509 3158 606 3222 procul
622 3160 693 3208 absit
741 3158 813 3210 mehr
837 3156 1029 3212 Bescnnenheit
1057 3161 1084 3211 in
1112 3159 1159 3214 der
1185 3160 1257 3213 Welt

179 3241 197 3276 a
213 3230 317 3276 morte.
742 3227 806 3278 sein.

213 3226 356 3343 anthedium
365 3292 470 3355 habere,
480 3290 508 3341 in
519 3289 623 3344 Unruhe
635 3308 692 3345 ver·
777 3295 817 3345 20.
829 3293 922 3344 nullae
933 3297 1041 3347 omnino
1053 3297 1176 3347 civitates
1187 3294 1257 3357 lurc-

180 3361 268 3411 setzen
285 3358 337 3410 und
350 3359 421 3411 dariu
434 3359 557 3410 erhalten.
586 3358 645 3425 Vgl.
658 3360 690 3412 ad
740 3365 806 3414 rent.
836 3361 962 3414 Aehnlich
980 3363 1025 3416 der
1042 3365 1101 3427 cti,
1114 3364 1131 3428 ἐ
1145 3366 1179 3416 20
1197 3379 1256 3417 aus·

180 3425 318 3508 familiares
329 3425 394 3492 XIV,
406 3431 434 3479 t:
454 3442 543 3478 omnes
556 3428 691 3480 molestias
742 3429 917 3496 gesprcchene
936 3429 1065 3483 Gedanke.

180 3496 332 3625 pettit
346 3499 386 3615 ll
399 3498 690 3629 dtt't‘tthldtt
738 3498 1257 3632 altttttttttthdttt‘ttt

178 3627 298 3694 gemacht
321 3628 373 3679 und
394 3629 420 3680 in
444 3631 540 3684 diesem
562 3633 689 3685 Zustande
739 3631 817 3685 Jahre
834 3648 881 3685 vcr
899 3634 943 3686 der
961 3636 1029 3702 Zeit,
1047 3635 1073 3686 in
1091 3635 1196 3691 welche
1214 3636 1257 3690 der

179 3695 294 3749 erhalten
313 3695 387 3758 hehe)
405 3725 439 3737 -
455 3699 573 3766 deposui.
738 3699 829 3766 Dialog
846 3701 911 3754 falli.

217 3769 255 3818 14.
273 3779 441 3831 quamquam,
459 3782 479 3819 s.
493 3783 514 3819 c.
531 3773 552 3834 t,
566 3771 582 3834 ξ
598 3773 618 3823 1.
655 3768 688 3820 Er
774 3774 802 3819 tu
825 3772 855 3820 tn
878 3775 1040 3836 exspectatis
1063 3771 1100 3822 ad
1124 3773 1258 3839 amplissi-

178 3834 265 3898 slellt,
284 3831 338 3885 sich
356 3831 436 3882 selbst
453 3837 628 3902 verbessemd,
646 3837 687 3889 die
737 3852 808 3887 mam
832 3838 993 3901 dignitatem
1015 3838 1168 3906 fratrdbm,
1192 3843 1259 3895 awei

179 3898 490 3966 lmherstillschweigeud
499 3904 687 3970 zugestandene
733 3905 843 3972 jdngere
853 3904 958 3974 Brdder,
970 3921 1022 3960 von
1034 3906 1119 3960 denen
1130 3908 1179 3963 der
1191 3911 1258 3977 eine,
