2610 4402
162 244 204 304 46
454 245 544 299 cxro
561 245 672 299 naxon.
707 264 728 300 e.
750 250 789 314 ιι,
808 248 823 315 c
844 251 952 303 as-ac.

109 432 141 484 11
251 424 294 484 Ne
309 423 413 484 sintin
436 431 587 483 senectute
601 421 687 481 vires.
716 421 759 481 Ne
774 421 963 500 postulantur
977 423 1114 500 equidem
1130 424 1243 486 viresa

160 517 322 570 senectute.
351 507 430 586 Ergo
444 516 473 567 et
489 507 605 585 legibus
620 513 649 565 et
664 506 805 566 institutis
822 516 903 566 vacat
916 517 996 568 aetas
1012 516 1113 568 nostra
1132 527 1241 571 mnne·

159 594 243 655 ribus
257 594 314 666 eis,
338 611 411 672 quae
426 610 488 652 non
512 599 638 670 possunt
659 591 724 651 sine
745 591 861 651 viribus
871 592 1020 653 sustineri.
1050 592 1239 672 ltaque'nun

159 679 247 740 ruodo
269 679 348 757 qnod
364 696 425 738 non
441 695 611 756 possumuS,
635 676 686 735 sed
708 694 747 735 ne
769 684 912 753 quantum
935 694 1093 756 possumus
1115 678 1237 756 quidem

160 765 303 844 cogimur.
332 766 381 822 35.
396 763 434 821 At
448 761 533 821 multi
548 761 587 820 ita
602 769 671 820 sunt
686 760 824 821 imbecilli
839 780 941 835 senes,
964 772 998 821 ut
1013 761 1128 835 nullum
1146 764 1238 824 officii
1258 775 1274 825 s

160 858 208 908 aut
225 849 348 908 omnino
361 846 436 906 vitae
450 865 560 907 munus
575 844 695 923 exsequi
710 845 833 923 possint.
864 847 900 905 At
911 846 941 906 id
952 847 1070 925 quidem
1086 864 1238 927 non-pro·

159 934 258 1012 prium
272 932 432 993 senectutis
445 931 547 991 vitium
561 940 613 1003 est,
629 931 680 990 sed
692 947 850 990 commune
861 931 1044 992 valetudinis.
1074 931 1168 1003 Quam
1182 933 1238 992 tuit

159 1017 322 1078 imbecillus
336 1017 368 1076 P.
384 1016 514 1076 Africani
527 1015 619 1085 filius,
642 1014 667 1074 is
683 1015 735 1092 qui
750 1023 778 1074 te
801 1016 961 1094 adoptavitl
985 1034 1073 1094 quam
1086 1018 1171 1077 tenui
1186 1027 1236 1077 ant

160 1102 240 1163 nulla
259 1102 357 1181 potius
371 1100 553 1161 valetudine!
578 1099 665 1170 Quod
680 1099 711 1158 ni
726 1099 765 1159 ita
780 1099 897 1175 luisset,
919 1101 1044 1161 alterum
1066 1101 1138 1161 illud
1160 1103 1236 1162 exti-

158 1188 240 1248 tisset
262 1187 363 1247 lumen
386 1185 524 1260 civitatis3
553 1183 588 1244 ad
610 1191 764 1262 paternam
786 1185 866 1244 enim
888 1186 1122 1264 magnitudinem
1144 1186 1236 1247 animi
1257 1197 1288 1248 to

158 1272 293 1333 doctrina
307 1270 430 1330 uberior
443 1278 614 1330 accesserat.
644 1268 722 1339 Quid
736 1268 844 1328 mirum
859 1269 950 1348 igitur
961 1270 991 1330 in
1004 1269 1134 1344 senibus,
1150 1272 1177 1332 si
1187 1271 1234 1332 in·

158 1357 235 1417 tirmi
258 1364 329 1417 sunt
347 1354 520 1433 aliquando,
545 1373 612 1414 cum
630 1353 659 1412 id
675 1372 713 1413 ne
735 1354 938 1433 adulescentes
961 1355 1079 1434 quidem
1101 1357 1234 1435 effugere

157 1439 294 1520 possint?
309 1440 524 1513 Resistendum,
541 1437 621 1498 Laeli
636 1447 665 1498 et
676 1438 786 1517 Scipio,
803 1441 948 1501 senectuti
960 1449 1013 1509 est,
1029 1441 1151 1518 eiusque
1166 1440 1235 1501 vitia

157 1526 306 1606 diligentia
321 1527 541 1604 compensanda
556 1532 640 1599 sunt;
662 1524 856 1601 pugnandum
870 1533 1019 1603 tamquam
1034 1533 1137 1585 contra
1151 1544 1234 1586 mor-

156 1612 263 1672 borum
279 1611 321 1672 sic
335 1619 440 1670 contra
455 1608 615 1670 senectutis
629 1607 702 1682 vim;
725 1611 773 1667 36.
796 1608 931 1669 habenda
952 1609 1027 1669 ratio
1041 1609 1232 1687 valetudinis3
1255 1617 1286 1670 15

156 1697 301 1757 utendum
316 1695 573 1755 exercitationibus
588 1692 725 1767 modicis3
748 1701 864 1753 tantum
880 1695 936 1754 cibi
953 1704 982 1754 et
1004 1694 1134 1773 potionis
1149 1695 1233 1755 adbi-

47 1823 49 1844 .
155 1780 298 1852 bendum,
313 1788 347 1838 ut
357 1780 529 1839 reficiantur
540 1779 625 1850 vires
638 1795 699 1837 non
713 1777 926 1856 opprimantur.
956 1780 1017 1839 Nec
1030 1797 1099 1839 vero
1112 1780 1232 1858 corpori

156 1865 251 1926 solum
266 1863 501 1925 subveniendum
524 1871 583 1936 est,
607 1862 658 1921 sed
681 1862 772 1922 menti
795 1870 884 1941 atque
899 1865 998 1924 animo
1021 1863 1113 1924 multo
1129 1864 1231 1943 magis.

155 1950 228 2010 Nam
243 1951 317 2010 baec
331 1966 467 2026 quoque,
490 1947 547 2008 nisi
569 1958 718 2024 tamquam
733 1947 837 2007 lumini
853 1948 951 2009 oleum
965 1948 1102 2023 instilles,
1119 1949 1232 2009 exstin-

155 2043 288 2112 guuntur
307 2043 469 2095 senectute.
500 2033 537 2093 Et
552 2049 677 2109 corpora
692 2031 811 2109 quidem
829 2034 1071 2094 exercitationum
1090 2034 1231 2112 defetigat·
1253 2042 1286 2094 tt

155 2119 237 2179 tione
251 2120 473 2198 ingravescunt,
493 2118 583 2179 animi
597 2125 695 2176 autern
711 2116 877 2176 exercendo
892 2118 1035 2178 levantur.
1065 2118 1140 2178 Nam
1154 2137 1233 2197 quos

156 2203 195 2262 ait
211 2202 353 2263 Caecilius

527 2289 645 2346 comicos
660 2285 759 2346 stultos
774 2303 861 2356 senes,

152 2422 307 2479 siccitatem,
326 2433 395 2483 quoe
414 2420 586 2483 consequitur
597 2421 667 2470 donc
752 2422 775 2472 8.
794 2419 823 2468 Ρ.
840 2417 970 2478 Afadeaoi
992 2417 1074 2480 filius,
1097 2420 1122 2468 is
1139 2421 1189 2484 qui
1206 2424 1232 2470 te

154 2488 347 2538 continentiam
364 2489 393 2535 io
410 2488 491 2536 uictu.
617 2509 621 2516 ·
717 2487 863 2552 adoptavit.
886 2485 920 2536 Er
931 2486 1000 2537 biess
1017 2484 1082 2538 auclr
1094 2483 1122 2536 Ρ.
1135 2485 1231 2539 (lorne-

186 2555 227 2609 11.
255 2553 342 2606 Selbst
367 2554 524 2619 angegeben,
551 2552 610 2606 dass
637 2570 664 2606 es
715 2554 766 2605 lius
790 2553 876 2619 Scipio
897 2553 1040 2605 Africanus.
1077 2552 1137 2620 Vgl.
1164 2569 1188 2606 c.
1206 2557 1231 2620 6,

153 2623 211 2675 dem
236 2622 321 2673 buben
344 2621 416 2672 Alter
440 2637 472 2673 an
494 2621 599 2673 Kralten
620 2638 664 2688 ge·
716 2623 741 2688 5.
762 2624 801 2674 19.

153 2688 244 2751 bricbt‚
256 2716 288 2727 -·
302 2704 329 2740 es
347 2688 449 2739 werden
468 2704 519 2739 von
536 2690 589 2740 ibm
601 2689 664 2741 lldr-
749 2692 773 2741 9.
792 2689 867 2739 nulla
874 2688 1135 2754 pot-iusoaletudine‚
1148 2691 1230 2755 scd,

151 2754 281 2823 perltrdfte
303 2754 373 2805 nicht
385 2756 510 2820 verlangt
715 2758 731 2820 ξ
744 2761 773 2809 l:
791 2760 849 2807 sine
861 2757 957 2821 quibos
974 2757 1178 2822 (voluptatibus)
1190 2759 1230 2808 oi·

187 2826 209 2876 3.
228 2838 282 2872 uon
299 2822 386 2886 modo,
410 2823 482 2887 quod
500 2838 555 2872 oon
568 2838 663 2888 possu—
714 2829 769 2875 tam
787 2825 889 2882 nullom
901 2827 1041 2888 putarent.

151 2908 218 2953 mos,
244 2891 291 2941 sed
314 2906 348 2940 ne
374 2894 503 2956 quantum
521 2905 664 2956 possumus
748 2893 862 2942 alterum
879 2891 950 2942 illud
969 2893 1115 2942 exstitisset
1137 2891 1228 2951 henan

151 2961 265 3026 quidam.
284 2958 664 3025 Quodoonpocsumosbingt
713 2961 843 3024 civitatib,
873 2974 916 3021 „es
942 2959 1012 3011 wire
1038 2959 1065 3010 in
1090 2958 1143 3009 ihm
1169 2958 1228 3021 eine

150 3044 202 3080 von
221 3031 344 3094 cogimur
360 3026 405 3087 ab;
424 3029 485 3092 cogi
506 3028 613 3093 aliquid
629 3051 662 3070 =
713 3027 805 3080 zweite
823 3026 911 3078 Zierde
929 3027 974 3078 des
993 3026 1095 3079 Stantes
1116 3026 1229 3078 erscbie-

150 3114 182 3151 zu
200 3102 282 3149 etwas
299 3109 459 3162 geawungen
477 3095 588 3146 werden.
616 3093 662 3146 Die
713 3099 788 3148 nen“.
814 3096 937 3147 Alterum
962 3095 989 3145 in
1012 3093 1159 3160 Beziebung
1175 3095 1236 3160 ,aus

150 3167 175 3216 in
199 3181 233 3216 ne
250 3164 386 3231 quantum*
396 3177 538 3227 possumus
555 3163 661 3228 quidem
713 3164 801 3214 seinen
820 3162 898 3214 Vater
915 3161 942 3214 P.
961 3162 1103 3214 Africanus.

151 3232 298 3284 entbaltene
324 3230 450 3296 Negation
477 3229 580 3280 beziebt
606 3231 661 3282 sich
747 3234 788 3282 tt.
808 3229 947 3295 Caecilius,
964 3229 1009 3281 der
1025 3231 1227 3283 obenerwtbntc

150 3299 216 3351 auch
228 3299 274 3349 aul
284 3298 328 3349 das
345 3300 411 3350 erste
423 3296 496 3348 Glied
508 3313 562 3348 non
573 3298 660 3360 modo,
713 3296 819 3350 Statius.
837 3297 883 3349 llic
901 3296 981 3348 Stella
997 3298 1032 3349 ist
1049 3313 1095 3350 aus
1113 3297 1158 3349 der
1175 3297 1227 3350 llo

151 3366 237 3429 „nicht
266 3381 313 3416 nur
342 3366 423 3429 nicht,
457 3364 566 3417 scudem
596 3367 661 3417 auch
712 3366 797 3418 modic
823 3365 958 3433 Epikleros
981 3359 1155 3433 (Ἐπίκληροε,
1182 3365 1225 3417 die

149 3434 244 3496 nicbt“,
258 3433 299 3484 ein
312 3431 451 3496 Gebrancb,
470 3433 515 3485 der
535 3448 581 3484 nur
593 3431 659 3484 dann
711 3434 886 3496 Erbtochter);
904 3432 1088 3498 vollstandlger
1105 3432 1138 3484 de
1149 3434 1225 3485 amic.

149 3498 659 3566 stattfindet,wennbeideS'aitzeeinge-
712 3517 733 3552 c.
752 3504 792 3563 26,
811 3499 828 3568 ξ
846 3504 890 3554 99:
1034 3539 1041 3546 ..

148 3567 505 3620 meinscbaltlicbesPrddlcat
514 3569 597 3619 baben
607 3569 659 3619 und
748 3569 779 3620 Ut
789 3585 830 3619 me
842 3568 922 3619 bddr'a
932 3572 994 3618 ante
1005 3570 1097 3618 ‘omnis
1110 3568 1227 3622 ednta'coa

149 3637 233 3690 dieses
251 3636 285 3686 irn
305 3636 413 3686 zweiten
431 3636 519 3688 Gliede
537 3636 613 3688 steht.
812 3635 908 3687 stultds
926 3651 999 3685 cenes

182 3709 205 3758 5.
225 3703 342 3756 atmadti
350 3743 356 3754 .
369 3742 375 3755 .
389 3743 395 3755 .
409 3719 473 3755 neue
482 3703 660 3769 Einwendung
746 3701 1120 3769 l'orsdrisotqoeemdnoem’s
1132 3702 1228 3756 latitia—

147 3774 192 3827 der
214 3772 321 3839 Gegner.
355 3769 401 3821 llic
427 3770 545 3823 Antwort
570 3770 661 3823 daranl
811 3787 892 3820 creme.

147 3842 218 3908 giebt
238 3840 283 3893 das
295 3837 435 3905 Fulgende:
453 3840 490 3888 At
507 3841 538 3890 id
552 3840 658 3905 quidem
745 3843 785 3892 23.
804 3842 925 3900 comicos,
949 3840 1015 3900 ,wie
1028 3838 1103 3890 sicin
1116 3838 1162 3890 der
1175 3838 1230 3893 llo·

147 3926 200 3962 non
209 3911 350 3975 proprium
359 3909 500 3957 senectutis
509 3909 603 3957 uitiatae
612 3911 658 3957 est.
710 3908 794 3959 modic
815 3906 1006 3959 vorkommen“.
