2610 4402
94 265 134 324 40
412 226 511 316 ciro
529 260 639 316 uuor.
658 260 697 313 a.
717 265 740 329 e,
758 262 773 327 ,a
793 262 833 315 ee.

96 459 158 500 non
175 441 226 513 sit,
242 457 343 499 rerum
360 439 445 498 etiam
463 437 500 498 sit
516 455 640 514 operosa
656 445 685 495 et
699 452 817 514 semper
831 452 923 512 agens
938 434 1046 512 aliquid
1062 444 1091 495 et
1105 453 1174 495 mo-

96 525 181 597 liens,
197 524 254 584 tale
269 523 396 596 scilicet,
412 522 497 600 quale
513 521 657 598 cuiusque
673 519 801 581 studium
818 519 848 578 in
865 519 1018 596 superiore
1033 518 1091 579 vita
1106 519 1173 581 luit.

98 608 176 680 Quid
198 609 253 687 qui'
272 609 358 668 etiam
381 606 536 667 addiscunt
550 603 680 684 aliquid?
702 614 735 663 ut
751 613 780 664 et
802 603 943 664 Solonem
961 603 1094 665 versibus
1107 605 1174 684 glo-

95 694 220 754 riantem
235 692 382 764 videmus,
406 692 456 769 qui
479 711 509 751 se
526 688 632 749 cotidie
646 689 755 768 aliquid
771 688 970 749 addiscentem
985 687 1055 748 dicit
1068 693 1173 750 senem

95 778 174 852 sieri,
198 788 227 838 et
242 795 296 856 ego
312 776 383 851 leci,
400 775 451 854 qni
466 775 578 835 litteras
594 774 719 834 Graecas
734 793 824 834 senex
841 773 944 849 didici;
963 792 1037 852 quas
1052 774 1172 852 quidem
1194 782 1210 830 ὅ

96 864 138 924 sic
153 862 235 922 avide
250 861 376 940 arripui,
400 860 481 938 quasi
504 859 671 919 diuturnam
694 859 770 918 sitim
795 857 912 936 explere
928 858 1066 936 cupiens,
1088 866 1124 919 ut
1139 877 1174 919 ea

96 948 159 1026 ipsa
181 947 252 1006 mihi
275 955 374 1007 essent
396 954 482 1018 nota,
513 944 621 1022 quibus
648 962 696 1003 me
720 963 801 1003 nunc
830 942 972 1023 exemplis
994 943 1036 1002 uti
1057 942 1173 1004 videtis.

97 1031 183 1102 Quod
199 1050 266 1090 cnm
281 1029 386 1091 fecisse
402 1029 552 1090 Socratem
568 1029 600 1088 in
615 1027 723 1089 fidibus
738 1028 885 1102 audirem,
907 1026 1011 1087 vellem
1034 1028 1174 1106 equidem

97 1117 182 1176 etiam
198 1116 269 1175 illud
285 1151 326 1160 —
342 1111 506 1197 [discebant
521 1114 600 1173 enim
615 1113 722 1174 fidibus
737 1107 861 1194 antiqui]
878 1149 934 1186 —,
955 1113 1007 1172 sed
1022 1111 1051 1171 ia
1066 1113 1174 1174 litteris

97 1211 176 1260 certe
192 1200 349 1260 elaboravi.
1194 1205 1220 1257 tt

133 1351 154 1400 1.
172 1364 274 1414 suuper
297 1363 380 1412 agens
404 1347 516 1413 aliquid,
544 1346 607 1397 hlei·
660 1361 680 1397 c.
700 1347 741 1409 29,
759 1347 774 1408 ξ
789 1348 845 1395 tot.
863 1345 932 1396 Aber
945 1345 1043 1397 lreilich
1056 1346 1174 1399 konnten

96 1417 178 1468 bende
205 1416 378 1482 Eigenschalt‚
405 1415 511 1467 deshalb
538 1414 608 1466 nicht
659 1414 730 1465 seine
743 1412 858 1475 Studien,
870 1414 1026 1465 namentlich
1038 1413 1079 1465 die
1088 1415 1173 1480 philo·

97 1487 162 1549 agit.
660 1481 822 1547 sophischen,
832 1481 902 1532 nicht
911 1496 940 1532 so
950 1481 1098 1532 umtassend
1108 1484 1173 1549 sein,

132 1555 154 1604 2.
173 1551 283 1613 scilicet,
300 1550 354 1600 hier
372 1549 442 1601 nicht
458 1549 578 1629 ironisch.
660 1549 710 1627 wie
727 1549 765 1600 sie
783 1548 837 1600 hier
854 1549 897 1600 bei
910 1549 1003 1629 Cicero·
1015 1551 1174 1604 erscheinen.

96 1617 609 1747 1111111111111111ξέ11ῗὲἵέ
659 1615 1175 1748 httttlttttht}‘atttriti

96 1755 169 1806 Alter
186 1753 336 1806 erreichten.
660 1767 687 1802 er
705 1766 733 1803 es
750 1751 791 1802 hir
808 1752 899 1816 nothig
916 1752 1011 1816 holten,
1035 1753 1108 1806 diese
1124 1753 1175 1807 Be-

132 1826 155 1874 3.
175 1821 240 1887 quid
261 1822 309 1885 qui
326 1849 358 1857 -
377 1821 527 1881 addiscunt,
555 1835 608 1870 was
659 1819 784 1882 merhung
810 1823 852 1882 (ut
873 1837 904 1870 ea
921 1822 1070 1872 uiridiario
1087 1826 1176 1874 ment

97 1890 176 1941 meint
194 1889 232 1939 ihr
245 1903 277 1938 zu
289 1887 379 1950 denen,
397 1887 496 1939 welche
510 1924 515 1937 .
529 1925 535 1938 .
549 1887 572 1939 d.
582 1886 607 1938 h.

99 1955 606 2022 „llinigelemensogarnochhinzu....“

132 2025 255 2076 Solonem
267 2025 386 2073 versibus
395 2024 560 2088 gloriantem
571 2026 609 2072 oi-

97 2094 196 2144 demus.
222 2091 271 2143 Der
284 2091 338 2142 hier
350 2091 477 2156 gemeinte
491 2091 554 2142 Vers
566 2091 607 2142 bei

97 2159 219 2210 Plutarch
237 2158 317 2210 Solon
335 2174 357 2209 c.
376 2162 405 2211 31
426 2176 451 2212 u.
463 2160 493 2210 A.

131 2222 258 2297 γηράσκω
285 2218 315 2306 δ”
337 2225 390 2274 αἰεί
420 2223 507 2278 πολλὰ
532 2221 608 2277 διδα-

269 2307 402 2359 annueres.

132 2365 155 2413 5.
174 2362 280 2412 littmas
293 2360 408 2412 Graecae
418 2377 500 2410 reneca
517 2361 609 2412 didici.

98 2429 123 2481 S.
147 2427 266 2480 Plutarch
289 2427 351 2479 Gaio
373 2443 395 2479 c.
414 2430 441 2480 2:
469 2424 556 2480 ἄλλως
579 2423 609 2478 δὲ

97 2493 223 2549 παιδείας
268 2492 420 2561 Ἑλληνικῆς
466 2491 609 2563 ὀψιμαθὴς

97 2563 228 2635 γενέσθαι
246 2561 351 2631 λέγεται
368 2566 414 2614 καί
426 2558 523 2636 πόρραι
540 2583 609 2615 παν-

97 2630 219 2684 τάπασιν
243 2625 345 2695 ἡλικίας
368 2628 503 2695 ἐληλακὼς
521 2627 610 2696 Ἑλλη-

97 2697 158 2751 νικὰ
176 2695 272 2766 βιβλία
284 2694 380 2763 λαβὼν
397 2699 433 2749 eis
444 2702 532 2769 χεῖρας
542 2702 609 2768 βρα-

97 2770 145 2829 χέα
161 2767 213 2830 μὲν
230 2759 284 2817 ἀπὸ
304 2761 480 2827 Θουκυδίδου,
497 2764 610 2817 πλείονα

97 2829 122 2884 d'
142 2829 197 2894 ἀπὸ
215 2832 408 2899 Δημοσθένους
428 2833 464 2884 εἰς
481 2830 514 2884 τὸ
532 2834 609 2905 ῥητο-

98 2898 174 2975 ρικὸν
199 2895 385 2970 ὠφεληθῆναι.
421 2900 479 2967 Vgt.
499 2900 540 2953 dic
558 2901 609 2951 An-

658 1891 724 1953 eqq.)
741 1886 939 1952 hinzuzuh'rgen,
963 1887 1043 1938 damit
1064 1887 1106 1941 die
1124 1888 1176 1942 Ge·

658 1954 832 2017 lehrsamkeit‚
850 1953 891 2005 die
904 1955 965 2006 Cato
979 1957 1013 2007 in
1026 1955 1112 2008 dieser
1122 1956 1175 2009 hb-

659 2022 790 2087 handlung
815 2037 847 2073 an
870 2022 918 2074 den
935 2022 992 2089 'lag
1012 2024 1075 2089 legi,
1103 2025 1176 2077 nicht

660 2106 691 2141 zu
719 2090 857 2141 audallend
875 2090 1014 2144 erschiene.
1052 2090 1110 2157 Vgl.
1132 2092 1175 2144 die

660 2157 825 2222 humerkung
843 2174 875 2208 zu
893 2174 914 2210 c.
935 2163 957 2222 1,
976 2159 992 2225 §
1011 2161 1034 2211 3.

694 2228 718 2277 8.
737 2228 766 2275 in
778 2224 884 2289 fidibus,
895 2225 978 2288 „heim
991 2225 1175 2294 Saitenspiel“.

659 2292 782 2344 Dasselbe
811 2293 907 2345 emihlt
935 2293 1018 2346 Valer.
1046 2292 1176 2348 Maximus

661 2363 685 2426 8,
707 2365 736 2412 l:
768 2361 904 2412 Socratem
928 2367 1033 2412 canstat
1057 2367 1175 2414 aetate

657 2429 1176 2498 provectumfidibustraotandisope·

659 2512 719 2547 ram
737 2497 803 2547 dare
815 2501 937 2561 coepisse,
949 2502 1033 2548 satius
1050 2496 1176 2550 iudican-

660 2569 721 2626 tem,
747 2567 803 2614 eius
826 2568 894 2615 artis
911 2581 988 2615 usum
1005 2582 1075 2630 aero,
1094 2582 1175 2633 quam

658 2647 804 2697 numquam
812 2636 959 2697 percipere.
984 2632 1030 2684 Als
1042 2633 1099 2685 sein
1110 2634 1176 2687 Leh-

660 2715 700 2750 rer
717 2700 751 2750 im
765 2698 919 2766 Saitenspiel
937 2700 1002 2753 wird
1013 2701 1119 2755 Gonnus
1130 2716 1175 2769 ge-

660 2770 741 2818 nennt
758 2766 818 2828 (Cic.
836 2767 869 2819 ad
887 2769 946 2821 lam.
965 2771 989 2832 9,
1007 2771 1048 2834 22,
1070 2773 1106 2835 3).

694 2835 787 2885 celime
799 2836 928 2901 equidem,
945 2836 997 2902 vgl.
1010 2852 1032 2890 c.
1048 2840 1088 2901 10,
1104 2838 1173 2905 §32

660 2903 731 2967 Gonj.
741 2902 841 2969 lmperl.
855 2920 900 2954 zur
908 2903 1091 2970 Beaeichnnng
1104 2906 1173 2959 eines

97 2970 223 3036 merhung
240 2985 272 3020 zu
290 2984 311 3022 c.
333 2972 356 3035 l,
373 2969 389 3036 5
408 2972 431 3022 3.
660 2970 812 3034 ‚Wunsches
839 2970 882 3022 der
906 2972 976 3023 nicht
993 2973 1019 3023 in
1038 2971 1174 3039 Ertnllnnq

96 3038 476 3171 velui0ldihnel²⁰dlil⁶
491 3039 609 3170 indii:
660 3038 1174 3172 trittht,rttutrttdtd'ffl‘

97 3174 221 3224 discimus
238 3172 390 3222 litterarum
407 3171 471 3232 fuit.
489 3171 609 3234 Quarum
694 3177 718 3226 9.
737 3174 884 3238 [discedant
893 3181 963 3225 euim
972 3176 1079 3238 fidibus,
1092 3192 1125 3228 zu
1135 3192 1174 3229 er-

95 3241 215 3291 etudium
247 3242 296 3289 etei
323 3243 413 3289 senior
442 3244 608 3304 arripuerat,
661 3242 758 3307 gimzen
771 3258 873 3292 cauere.
891 3243 1013 3304 Fidibus,
1026 3246 1138 3296 iibiieu.
1151 3259 1173 3296 a.

96 3312 184 3358 tamea
210 3311 312 3357 tantum
335 3321 508 3371 progressum
535 3306 608 3370 fecit,
661 3325 755 3359 eane-e
773 3310 890 3361 wortlich
908 3311 955 3362 mii
967 3310 1042 3363 llsrlle
1060 3311 1107 3363 der
1119 3311 1174 3364 Sai-

96 3379 193 3425 utnon
205 3374 287 3436 facile
298 3376 413 3439 reperiri
423 3377 509 3439 poerit
524 3391 609 3441 neque
660 3380 710 3439 ten,
724 3377 768 3428 der
779 3375 852 3428 mate
865 3395 889 3431 u.
901 3394 920 3429 s.
933 3395 965 3429 w.
984 3379 1056 3431 Tdne
1069 3379 1173 3432 hervor-

98 3443 128 3492 de
143 3442 250 3493 Graecis
266 3457 351 3508 aeque
368 3441 400 3491 de
411 3443 514 3493 Italicis
531 3446 609 3494 retus
659 3444 775 3510 bringeri,
792 3444 870 3496 daher
882 3446 966 3498 Gither
978 3447 1087 3512 spielen,
1100 3446 1173 3500 mou

97 3510 170 3575 quod
186 3511 211 3558 ei
228 3508 313 3569 feeerit
330 3513 498 3575 incognitum
516 3513 556 3573 (1),
659 3512 766 3575 blesam]
797 3513 850 3563 Sed
871 3516 901 3563 in
919 3515 1017 3564 litteris
1033 3543 1069 3552 —
1087 3516 1174 3567 elodo-

133 3580 155 3628 6.
175 3580 206 3626 ut
217 3594 246 3626 oa
258 3578 327 3627 mihi
338 3582 402 3629 uota
413 3583 503 3641 esseut,
514 3581 609 3644 quibus
659 3582 728 3631 ravi.
758 3579 841 3632 Ueber
860 3581 930 3632 scine
947 3581 1095 3648 vielseitige
1113 3584 1174 3635 wie·

97 3660 218 3694 meuunc
228 3646 405 3710 eeemplieutr'
413 3647 517 3698 videtis.
544 3645 609 3698 Dass
660 3647 857 3699 senschaltliche
867 3647 1014 3714 Thatigkeit
1027 3665 1046 3701 s.
1060 3648 1174 3703 dieh'rn·

98 3713 160 3764 Cato
187 3713 257 3764 seiae
280 3713 386 3777 eigenen
409 3713 537 3767 Schriften
562 3715 608 3765 mit
658 3714 766 3779 leitung.

98 3777 233 3851 δόγμασιν
264 3774 424 3845 Ἑλληνικοῖς
457 3785 502 3833 καί
537 3781 608 3834 ἱστο·
695 3784 770 3845 §H
800 3783 941 3834 Zweiiel·
961 3782 1174 3850 Haupttheil.

97 3854 171 3968 ξιίαιιε1
176 3848 539 3981 ggsqhmqutvlrg'bederqurlt
549 3849 608 3968 11³th
660 3848 843 3970 Widlqtrlegunq
863 3850 1176 3984 qleqbzweitethnklege·

109 3933 153 3968 are
209 3932 322 3967 aoc..
396 3933 466 3969 ,rc
503 3934 608 3981 eo.,
660 3933 712 3984 pun
744 3933 849 3982 ese,
932 3935 1009 3985 :qua
1054 3930 1176 3988 arrepe-
