2610 4402
112 248 153 307 54
410 247 497 300 mro
514 246 625 300 uuor.
661 263 682 300 c.
702 251 741 314 14,
760 245 775 313 a
794 248 905 299 aa-aa.

112 424 190 485 binis
208 421 348 501 persequi
364 423 461 494 soleo,
485 421 708 499 comitiumque
730 419 896 480 vicinorum
918 417 1025 480 cotidie
1041 421 1189 499 compleo,

112 509 191 588 quod
207 509 242 567 ad
258 507 379 567 multam
395 515 512 566 noctem
532 523 620 584 quam
634 505 758 565 maxime
773 523 932 583 possumus
945 504 1026 565 vario
1049 523 1189 566 sermone

47 651 51 654 Α
110 593 311 672 producimus.
339 597 387 653 42.
409 598 446 651 At
462 611 523 652 non
546 600 591 651 est
611 590 794 670 voluptatum
815 598 896 650 tante
910 589 995 667 quasi
1015 590 1142 651 titillatio
1157 592 1188 651 in

110 678 242 739 senibus.
266 677 374 751 Cred03
391 677 440 737 sed
458 695 496 736 ne
510 675 687 736 desideratio
703 675 830 753 quidem.
854 674 931 735 Nihil
947 683 1043 735 autem
1064 684 1110 736 est
1124 694 1189 735 mo-

111 763 226 835 lestum,
242 760 320 841 quod
337 781 398 822 non
415 760 572 821 desideres.
602 760 682 820 Bene
699 759 871 838 Sophocles,
888 777 956 820 cnm
967 779 1002 820 er
1019 779 1054 820 eo
1070 760 1190 838 quidam
1208 770 1223 820 5

110 849 168 908 iam
183 847 298 908 adfecto
313 854 407 906 aetate
423 855 592 924 quaereret,
608 851 782 904 utereturne
797 843 887 905 rebus
902 845 1044 905 veneriis:
1060 845 1110 920 ‚Di
1126 863 1188 914 me,-

110 932 198 992 lioral
222 932 332 1010 inquit;
356 950 411 1010 ego
425 950 496 992 vero
518 928 646 990 libenter
667 929 754 990 istinc
770 930 847 990 sicut
861 948 877 990 a
893 929 1012 990 domino
1030 930 1189 1009 agrestiua

111 1017 223 1078 lurioso
246 1017 383 1096 profugi‘.
421 1015 541 1094 Cupidis
559 1015 642 1096 *enim
664 1033 765 1076 rerum
786 1015 888 1075 talium
910 1013 1046 1074 odiosum
1061 1016 1188 1075 fortasse

111 1111 140 1162 et
154 1102 311 1163 molestum
324 1110 368 1162 est
383 1118 500 1175 carere3
517 1100 626 1161 satiatis
641 1118 710 1160 vero
726 1110 755 1159 et
771 1100 894 1179 expletis
908 1099 1067 1160 iucundius
1078 1108 1125 1160 est
1139 1118 1188 1160 ca-

110 1205 177 1248 rere
189 1205 277 1266 quam
289 1186 356 1247 lrui.
387 1185 573 1264 Quamquam
585 1204 645 1247 non
658 1194 738 1244 caret
750 1184 783 1258 is,
799 1184 924 1263 quinon
941 1183 1100 1260 desiderat;
1117 1203 1188 1263 ergo
1210 1193 1230 1244 tt

109 1272 167 1332 hoc
183 1291 244 1331 non
267 1270 434 1331 desiderare
449 1270 514 1330 dico
531 1289 594 1332 osse
616 1270 783 1330 iucundius.
814 1275 860 1330 48.
884 1268 970 1339 Quod
986 1268 1010 1328 si
1029 1268 1095 1330 istis
1116 1269 1188 1347 ipsis

109 1355 308 1434 voluptatibus
319 1355 398 1415 bona
410 1364 490 1416 aetas
503 1355 612 1415 fruitur
625 1354 776 1429 libentius,
790 1353 920 1433 primum
935 1353 1064 1431 parvulis
1078 1354 1189 1414 fruitur

111 1439 210 1515 rebus,
226 1451 258 1500 ut
274 1440 408 1515 diximus,
423 1441 530 1501 deinde
546 1440 602 1514 eis,
625 1439 734 1518 quibus
749 1447 897 1513 senectus,
914 1438 1001 1497 etiam
1016 1436 1040 1498 si
1056 1456 1119 1498 non
1136 1437 1187 1498 ab·

111 1525 190 1585 unde
212 1525 339 1604 potitur,
363 1544 424 1587 non
449 1525 571 1586 omnino
594 1533 682 1585 earet.
719 1523 757 1584 Ut
773 1522 924 1603 Turpione
939 1521 1072 1584 Ambitio
1095 1523 1188 1602 magis

111 1609 287 1683 delectatur,
310 1611 360 1686 qui
376 1609 407 1670 in
423 1611 517 1690 prima
533 1628 620 1669 eavea
641 1616 769 1689 spectat,
792 1609 954 1669 delectatur
975 1615 1073 1668 tamen
1091 1608 1188 1683 etiam,

110 1695 206 1772 quiin
223 1693 340 1767 ultima,
364 1695 406 1756 sic
428 1694 626 1756 adulescentia
640 1695 805 1773 voluptates
819 1700 942 1772 propter
958 1691 1079 1754 intuens
1094 1693 1188 1772 magis

112 1877 215 1939 ζωσιν
227 1875 293 1938 (hier
303 1879 428 1927 aaronita
444 1877 560 1942 poeula),
579 1871 622 1928 oil-
674 1874 917 1940 Feldenutwiclrst,
935 1873 1006 1939 wild,
1024 1874 1078 1938 roh,
1098 1890 1187 1927 auun-

110 1959 165 1994 τωο
181 1936 213 1994 οὐ
230 1940 388 2011 βιαζόμενοι
409 1939 463 1996 ὑπὸ
481 1945 529 1995 τοῦ
548 1943 621 1995 οἴνου
674 1944 834 1996 terselneiden
852 1958 902 1993 von
920 1945 1038 1992 muctar
1055 1941 1188 2009 (Dirper

110 2007 235 2092 palliata,
247 2006 309 2062 ἀλλ’
321 2007 622 2131 favamtiievaagiss
672 2011 714 2062 bei
726 2012 836 2076 Nithart,
854 2025 956 2090 wornus
975 2008 1125 2090 “lepelb
1143 2010 1189 2062 der

109 2074 621 2214 1?„allidit-‘ltaliae..l
673 2077 901 2198 alludat
920 2076 1189 2198 uallata

110 2217 153 2264 ten
172 2213 275 2265 werden
295 2230 336 2266 wo
359 2216 471 2281 moglielr
493 2215 620 2280 latinisirt‚
672 2213 783 2280 Bildung
806 2213 852 2265 der
870 2212 944 2265 Stadt
967 2215 1110 2277 (urbanae)
1132 2217 1187 2265 ent·

109 2280 180 2332 nicht
203 2281 340 2334 ubersetat.
377 2281 412 2334 So
435 2283 490 2334 hier
510 2283 622 2349 Sympo
672 2282 754 2334 behrt.
789 2281 848 2348 Vgl.
866 2298 898 2334 zn
917 2297 939 2334 e.
958 2283 1004 2344 20,
1021 2282 1039 2345 ἐ
1058 2284 1099 2333 25.
1141 2281 1186 2334 uie

108 2351 178 2400 sium
201 2349 253 2402 und
278 2366 299 2404 c.
321 2353 364 2415 17,
383 2350 399 2415 ξ
418 2352 450 2403 59
471 2351 623 2402 Oeconomi-
673 2348 753 2402 Stelle
771 2350 805 2402 ist
817 2350 868 2401 last
880 2348 998 2402 wdrtlich
1010 2348 1077 2400 nach
1089 2348 1185 2401 Plato’s

108 2433 163 2469 coac.
673 2415 747 2469 Staat
770 2417 793 2481 1,
817 2434 842 2484 p.
862 2420 911 2470 329
930 2417 962 2468 G:
996 2411 1186 2483 damatam

147 2489 167 2538 l.
185 2488 215 2536 io
229 2486 346 2550 Sabinis,
364 2485 410 2537 ani
425 2486 535 2538 meinem
553 2487 621 2538 sabi·
671 2486 806 2549 (libenter)
823 2487 918 2552 piaaoe
940 2479 1007 2536 αὐτὸ
1025 2483 1078 2546 (bel
1096 2484 1184 2537 Cicero

109 2553 214 2605 nischen
232 2552 372 2618 Landgute.
670 2556 765 2618 istium
774 2548 922 2638 decimae,
936 2545 1030 2620 ὥσπερ
1042 2549 1187 2604 λυττῶντά

143 2621 619 2687 convivium-complemichmaclle
671 2639 736 2672 τινα
753 2624 798 2673 καὶ
816 2639 911 2692 appear
923 2616 1064 2684 δεσπότην
1079 2612 1185 2690 ἀποφυ-

108 2687 157 2739 den
185 2686 263 2738 Tiscli
287 2688 439 2754 vollzdlilig,
465 2688 551 2740 indem
578 2687 619 2739 ich
670 2685 738 2759 yaia.

107 2753 333 2805 meineNachbarn
343 2772 401 2807 vom
411 2754 497 2806 Laude
506 2755 617 2816 einlade3
707 2759 747 2808 10.
790 2771 918 2821 amquam
926 2771 980 2806 non
990 2754 1184 2822 caret...Vgl.

109 2819 239 2883 complere
256 2822 306 2872 wie
319 2822 416 2888 plenae
433 2823 479 2873 mit
497 2822 554 2874 dem
571 2822 620 2875 Ge·
670 2837 692 2873 c.
715 2827 736 2886 t,
793 2828 814 2874 1.

108 2887 178 2939 netiv
204 2891 300 2940 anstatt
324 2889 369 2942 des
394 2890 618 2957 gewdhnlicheren
707 2893 746 2943 12.
765 2893 835 2942 dono
852 2897 934 2956 aetas,
952 2890 994 2941 die
1011 2889 1122 2957 lugend.

105 2955 232 3008 Ablativs.
656 3018 657 3021 Ἴ
706 2961 746 3011 li.
766 2959 1042 3026 llarpioncAmlioio.
1060 2959 1088 3011 L.
1098 2957 1186 3010 Ambi-

142 3027 164 3077 3.
183 3030 212 3075 ot
228 3040 283 3075 non
296 3065 301 3076 .
316 3062 322 3075 .
336 3062 342 3075 .
355 3024 480 3078 lliowand
497 3025 541 3078 der
553 3025 618 3091 Geg-
669 3026 728 3078 vius
741 3025 845 3093 Turpio,
864 3027 904 3078 ein
922 3026 1069 3078 bemnmter
1087 3025 1184 3078 Schen-

106 3107 152 3145 ner
169 3091 214 3144 des
232 3091 424 3146 Greisenalters.
670 3093 764 3161 spieler
781 3094 833 3145 und
851 3092 1072 3145 Theaterdirector
1090 3095 1185 3157 (demi-

140 3165 164 3212 4.
182 3160 358 3225 desideratio,
381 3176 428 3210 nur
450 3159 495 3211 der
512 3159 619 3212 Concin-
669 3177 722 3212 naa
735 3165 847 3227 pegia),
864 3177 909 3213 aur
921 3161 977 3214 Zeit
995 3161 1040 3214 des
1052 3163 1117 3214 Cato
1133 3178 1184 3214 von

106 3228 171 3279 nitiit
189 3243 280 3293 wegen
304 3227 346 3291 (da
369 3228 493 3278 titillatio
515 3228 619 3280 rothen·
670 3227 768 3280 Terent
786 3245 830 3280 aur
847 3229 1011 3296 Autluhrung
1032 3229 1118 3282 seiner
1133 3228 1185 3283 llo-

107 3292 185 3358 geht),
204 3298 301 3347 anstatt
319 3295 488 3346 deeidarium.
669 3295 772 3348 modion
790 3295 878 3363 hiufig
895 3297 1008 3350 benutzt.

140 3362 311 3414 aidilautem
329 3363 530 3429 calcantesium,
548 3365 618 3414 nim·
705 3368 744 3416 15.
773 3367 862 3430 mage}
887 3365 1049 3428 delectatur,
1076 3369 1125 3430 qur
1152 3395 1184 3404 ·-

106 3427 158 3479 licit
176 3444 207 3481 zu
225 3431 373 3484 entbehren.
668 3436 781 3497 spectat,
803 3433 865 3484 weit
883 3447 910 3484 er
927 3432 1016 3483 besser
1032 3431 1067 3483 im
1086 3430 1184 3486 Stande

141 3499 164 3548 5.
183 3496 333 3562 Sophoclea,
351 3514 371 3551 s.
390 3515 412 3553 c.
431 3503 454 3564 l,
473 3498 489 3565 ἦ
507 3501 548 3550 22.
668 3500 711 3562 ist,
729 3499 770 3551 die
788 3500 920 3551 einzelnen
936 3498 1122 3567 Bewegungen
1140 3501 1185 3553 der

141 3565 165 3616 6.
183 3564 279 3626 affecte
297 3572 398 3632 aetate,
421 3566 460 3619 als
483 3581 511 3618 er
529 3566 617 3618 alters-
669 3564 849 3633 Schauspieler
865 3583 897 3619 au
916 3567 1087 3620 heobachten.

103 3629 226 3683 schwaoh
245 3647 306 3684 war.
431 3627 439 3643 ‘
702 3638 832 3700 iope-ima
845 3651 933 3686 cauea.
963 3634 1056 3699 Cavea,
1074 3635 1183 3688 derden

140 3701 163 3750 l.
182 3697 222 3748 dii
237 3700 350 3750 meliora
368 3702 466 3765 (duint)
482 3701 543 3755 Gott
560 3718 617 3755 ver·
668 3701 830 3754 Zuschmern
847 3703 1027 3768 angewiescne
1044 3702 1127 3756 Reum
1149 3705 1183 3755 im

104 3766 167 3819 hdie
184 3769 226 3818 es!
244 3765 290 3818 Bei
307 3765 395 3818 Plato:
414 3763 532 3838 εὐφήμει.
668 3767 786 3823 Theater.
809 3772 901 3822 Petam
913 3787 994 3822 cauea
1006 3771 1042 3823 ist
1051 3771 1095 3824 die
1106 3776 1184 3836 erate,

138 3851 155 3886 a
190 3834 299 3885 decano
333 3839 444 3899 agresti.
494 3839 616 3903 Agrestis
668 3837 713 3889 der
728 3836 818 3889 nonne
835 3839 960 3890 zunichst
978 3838 1105 3905 gelegene
1118 3838 1184 3893 Sita·

100 3896 213 3972 lalyptoa)
235 3903 282 3968 ist,
308 3916 362 3953 wer
388 3902 433 3954 aul
454 3903 512 3958 dem
535 3905 616 3958 treien
666 3905 744 3958 reihe.

15 3958 135 4140 λ
