2610 4402
85 213 130 277 tt
388 173 474 269 caro
492 212 603 266 unos.
639 230 660 267 c.
681 217 720 280 n,
738 214 754 280 i
772 216 815 267 44.
833 217 875 266 45.

89 388 250 468 quentibus
265 387 390 466 poculis.
420 387 507 447 Caret
518 404 589 465 ergo
602 385 689 446 etiam
703 385 867 446 vinulentia
878 393 907 446 et
919 386 1064 446 cruditate
1081 395 1111 447 et
1122 388 1172 448 in-

89 474 220 535 somniis.
252 472 309 533 Sed
322 473 346 533 si
358 472 468 550 aliquid
483 470 613 530 dandum
625 478 669 531 est
679 470 831 549 voluptati,
847 471 990 548 quoniam
1004 471 1067 532 eius
1084 470 1171 533 blan·

90 558 168 618 ditiis
184 577 245 618 non
262 557 346 617 lacile
362 556 531 617 obsistimus
546 591 587 600 —
603 555 700 616 divine
716 556 796 615 enim
812 555 893 616 Plato
909 575 1006 616 escam
1023 558 1170 617 malorum

91 643 219 721 appellat
233 642 429 721 voluptatem,
452 640 531 719 quod
547 659 581 700 ea
595 640 730 700 videlicet
751 641 888 701 homines
905 641 1061 720 capiantur
1075 651 1110 702 ut
1124 643 1170 721 pi·

91 744 156 788 sces
172 762 227 799 -,
251 745 428 805 quamquam
449 725 648 786 immoderatis
664 724 759 803 epulis
773 733 855 785 caret
869 735 1023 798 senectus,
1045 726 1171 787 modicis
1192 735 1206 783 5

90 822 189 872 tamen
210 811 351 872 conviviis
366 811 504 871 delectari
520 818 626 889 potest.
664 809 694 869 C.
711 808 865 882 Duillium,
881 810 971 870 Marci
987 811 1095 885 tilium,
1119 812 1169 890 qui

91 897 209 957 Poenos
225 896 317 957 classe
332 897 445 975 primus
461 896 621 970 devicerat,
644 893 819 954 redeuntem
834 913 850 954 a
866 912 939 955 cena
958 914 1059 956 senem
1081 915 1171 975 saepe

90 980 225 1041 videbam
242 999 332 1060 puer;
354 980 555 1042 delectabatur
578 998 664 1039 cereo
686 978 780 1039 funali
803 987 832 1039 et
853 979 990 1053 tibicine,
1014 999 1090 1058 quae
1114 981 1171 1042 sibi

91 1065 174 1125 nullo
190 1066 324 1144 exemplo
340 1067 470 1145 privatus
485 1073 664 1143 sumpserat3
680 1071 795 1124 tantum
810 1064 947 1125 licentiae
962 1064 1050 1125 dabat
1066 1065 1169 1144 gloria.

91 1154 140 1211 tt.
164 1150 221 1211 Sed
238 1150 309 1228 quid
324 1168 379 1230 ego
394 1148 488 1211 alios?
504 1151 601 1210 adme
617 1149 714 1228 ipsum
728 1148 785 1208 iam
801 1157 940 1210 revertar.
970 1150 1104 1210 Primum
1118 1151 1171 1210 ha·
1193 1156 1218 1207 tu

90 1233 142 1295 bui
161 1254 277 1314 semper
300 1235 423 1295 sodales.
455 1234 629 1295 sodalitates
652 1241 750 1294 autem
764 1234 886 1313 Magnae
901 1234 1001 1295 Matris
1016 1253 1064 1295 me
1079 1253 1170 1314 quae-

90 1328 170 1380 store
186 1319 364 1380 constitutae
375 1328 446 1381 sunt
456 1321 547 1381 sacris
563 1318 656 1379 Idaeis
672 1318 810 1397 acceptis.
840 1319 1091 1398 Epulabarigitur
1103 1338 1172 1380 cum

92 1403 256 1477 sodalibus,
280 1405 402 1465 omnino
419 1405 549 1479 modice,
572 1404 703 1464 sederat
722 1402 841 1482 quidam
857 1406 956 1464 fervor
971 1405 1088 1479 aetatis3
1112 1423 1171 1483 qua

92 1489 301 1568 progrediente
324 1491 424 1550 omnia
445 1491 522 1551 fiunt
535 1490 566 1550 in
583 1489 644 1550 dies
666 1488 791 1548 mitiora.
821 1488 923 1566 Neque
939 1489 1019 1549 enim
1035 1489 1171 1568 ipsorum

92 1574 294 1634 conviviorum
321 1575 547 1637 delectationem
568 1572 768 1653 voluptatibus
790 1574 924 1652 corporis
946 1575 1053 1653 magis,
1082 1592 1171 1652 mam
1193 1580 1218 1630 15

92 1668 178 1720 coetu
205 1659 367 1720 amicorum
393 1669 423 1720 et
443 1658 631 1721 sermonibus
656 1657 808 1718 metiebar.
838 1658 920 1718 Bene
943 1658 1022 1719 enim
1043 1659 1172 1720 maiores

92 1743 309 1803 accubitionem
324 1744 475 1823 epularem
489 1744 666 1816 amicorum,
690 1742 741 1820 qui
755 1743 830 1803 vitae
852 1743 1096 1804 coniunctionem
1118 1744 1172 1804 ba·

94 1826 187 1902 beret,
196 1827 361 1888 convivium
372 1829 608 1901 nominaverunt,
624 1827 730 1888 melius
739 1846 829 1905 quam
836 1827 948 1903 Graeci,
961 1828 1011 1906 qui
1024 1828 1081 1888 boc
1092 1828 1173 1888 idem

129 1981 151 2030 1.
179 1981 255 2027 caret
277 2005 312 2013 -
335 1980 479 2028 exstrueus
500 1981 606 2043 mensis,
695 1976 1172 2040 theodalitates,„Brirderschaften“.

94 2044 188 2110 ,rolle,
200 2044 386 2097 reichbesetate
398 2043 515 2097 Tische“.
534 2045 606 2097 Voll-
643 2044 702 2098 nie
715 2045 824 2096 iltesten
843 2043 900 2096 sind
913 2043 954 2096 die
966 2045 1046 2096 schoa
1058 2061 1107 2097 ror
1118 2045 1172 2098 Nu·

93 2113 223 2178 stindiger
233 2112 284 2163 Cic.
295 2111 398 2165 Tuscul.
406 2112 437 2178 V,
447 2129 468 2165 e.
479 2115 519 2178 tt,
530 2115 546 2178 ξ
557 2116 604 2166 62:
656 2127 697 2163 ma
721 2127 767 2163 zur
784 2111 925 2177 Erheltnng
943 2112 987 2164 der
1007 2112 1172 2165 sabinischen

92 2195 198 2231 mensae
211 2183 444 2245 conquisitissimis
457 2183 542 2246 epulis
560 2199 605 2232 eu·
655 2196 734 2230 sacra
764 2179 938 2245 eingesetzten
963 2180 1068 2231 sodales
1098 2180 1173 2233 Titii.

92 2250 277 2299 struebantur.
658 2246 684 2299 S.
700 2246 760 2299 Tac.
772 2247 837 2300 llist.
849 2247 876 2299 M.
890 2263 912 2299 c.
924 2250 965 2300 95.
984 2249 1050 2300 Ann.
1062 2247 1080 2300 l.
1095 2264 1117 2301 c.
1131 2251 1172 2302 53.

128 2318 151 2368 2.
169 2317 194 2365 si
211 2314 319 2380 aliquid
335 2314 453 2365 dandam
478 2320 517 2366 est
533 2317 608 2366 volu·
656 2314 824 2381 Dergleicben
845 2315 1096 2368 Genossenscbalten
1120 2332 1172 2369 ron

90 2387 170 2451 ptati,
183 2398 259 2435 menn
272 2383 320 2433 wir
331 2381 389 2433 dem
400 2381 607 2449 Sinuengenusse
658 2382 787 2435 Pricetern
809 2383 924 2449 pilegten
947 2382 987 2435 die
1005 2383 1082 2436 Feste
1104 2384 1173 2438 ibres

95 2451 243 2503 wirklich
255 2452 384 2514 etwas(so
397 2450 548 2504 ubersetzen
559 2451 608 2502 wir
659 2450 749 2502 Gottes
758 2451 837 2503 durch
851 2452 892 2503 ein
904 2451 1172 2517 gemeinschaftlichea

95 2518 140 2570 das
158 2519 298 2585 aliquid
313 2518 441 2582 hintersi)
460 2518 607 2571 einriumen
658 2517 727 2570 Mahl
751 2534 783 2570 zu
809 2518 897 2570 leiern.
915 2547 950 2557 —
966 2519 1067 2585 Magna
1085 2519 1173 2573 Mater

95 2590 212 2651 meissen,
235 2586 259 2638 d.
278 2587 295 2637 i.
314 2601 390 2636 wenn
412 2587 461 2638 wir
484 2602 531 2639 uns
554 2587 607 2640 ihm
658 2587 777 2637 Deomen
794 2585 828 2638 ist
845 2586 886 2638 die
899 2586 987 2639 Gottin
999 2587 1098 2654 Cybele
1111 2592 1173 2652 (ron

95 2654 165 2705 nicht
182 2669 247 2718 ganz
265 2653 400 2705 entziehen
418 2653 517 2706 dirrlen.
659 2654 717 2706 dem
740 2653 917 2719 griechischen
939 2654 1036 2707 Nemeo
1060 2649 1173 2727 Μεγάλη

129 2723 152 2772 3.
170 2721 248 2771 Plato
266 2736 352 2771 escam
368 2721 500 2772 malorum
518 2723 608 2789 appel·
658 2721 761 2773 heissen
774 2721 815 2773 die
832 2721 872 2773 ihr
885 2737 918 2774 zu
930 2721 1012 2774 Ehren
1031 2723 1173 2788 geleierten

95 2787 137 2837 lat
152 2787 329 2852 uoluptatem,
347 2788 381 2837 im
399 2786 504 2842 Timiue
522 2805 547 2855 p.
566 2793 606 2843 69.
658 2788 733 2841 Feste
750 2788 896 2854 Megalesia
915 2790 976 2842 oder
987 2790 1173 2856 Megalensia).

96 2853 129 2906 Il:
149 2847 249 2919 ἡδονὴν
259 2857 389 2926 μέγιστον
405 2855 487 2908 κακοῦ
505 2851 608 2927 dileap.
657 2859 743 2907 sacris
755 2857 857 2908 idaeis:
869 2858 950 2909 Idaea
962 2873 1022 2909 rom
1035 2857 1118 2925 Berge
1129 2858 1172 2912 lde

129 2924 153 2975 6.
171 2925 220 2987 qui
230 2924 331 2974 Poenos
349 2923 432 2974 classe
445 2927 552 2989 primus
565 2926 609 2976 de·
658 2925 685 2975 in
696 2922 834 2992 Phrygiam
852 2941 905 2977 von
923 2941 965 2978 wo
983 2925 1028 2978 der
1039 2925 1173 2994 Ursprung

94 2993 209 3054 vicerat,
233 2993 282 3045 tto
301 3008 325 3043 v.
345 2990 400 3043 Chr.
424 2992 466 3044 bei
482 2991 553 3060 Myld
575 3009 608 3045 en
659 2991 703 3043 der
714 2991 865 3058 Verebrung
877 2997 988 3045 stemmt.
1001 2992 1103 3046 -Auf
1112 2995 1174 3047 Ver·

95 3057 140 3110 der
159 3057 283 3110 0stki1ste
301 3075 351 3111 von
370 3058 482 3114 Sicilien.
659 3059 797 3125 anlassuug
810 3061 881 3112 eines
893 3060 1021 3127 Spruches
1034 3061 1079 3114 der
1093 3063 1133 3115 sib
1153 3063 1174 3114 l-

130 3130 153 3179 8.
162 3143 236 3177 cereo
245 3125 337 3186 funali
345 3128 607 3193 ettibicine‚Wachs-
657 3127 784 3179 linischen
808 3127 909 3180 Biicher
933 3129 1032 3194 warde,
1058 3145 1104 3182 um
1128 3079 1173 3183 des

95 3193 197 3246 teckeln
209 3193 262 3246 und
273 3192 444 3259 Musikauten,
461 3211 511 3248 rou
524 3196 608 3248 denen
658 3194 777 3261 Ungldclr
795 3195 841 3246 des
859 3195 965 3261 Krieges
981 3213 1034 3249 non
1054 3196 1105 3249 deu
1123 3197 1175 3250 Rb-

95 3276 122 3312 er
134 3261 189 3312 sich
201 3262 306 3314 Abends
319 3277 377 3315 vom
391 3261 530 3316 Schmause
542 3263 607 3315 nach
658 3278 729 3315 mem
746 3263 931 3329 abauwendeu,
949 3264 993 3316 der
1010 3263 1094 3328 Stein‚
1112 3265 1176 3317 wel-

95 3327 179 3380 Mause
206 3329 335 3395 begleiten
361 3329 431 3382 liess.
473 3330 499 3384 S.
523 3331 607 3382 Valer.
659 3331 719 3383 cher
728 3331 766 3383 als
776 3331 954 3383 Mater-Idaea
963 3332 1066 3384 verehrt
1075 3333 1175 3399 wurde,

95 3395 244 3460 Maximlll,
255 3413 277 3449 c.
288 3401 312 3450 4.
342 3398 470 3464 Duillius,
488 3402 536 3464 qui
551 3401 608 3465 pri-
658 3414 710 3450 von
727 3398 849 3451 Pessinus
867 3399 892 3450 in
905 3399 1034 3466 Phrygien
1053 3398 1081 3452 in
1099 3401 1176 3454 seier-

95 3464 505 3533 enusnaualemtriumpbumeoe
513 3469 609 3518 Poenis
660 3467 752 3518 lichem
770 3467 840 3533 Zuge
858 3467 923 3519 nach
935 3467 1001 3520 Rom
1018 3467 1116 3533 gehon.
1148 3468 1175 3524 S.

96 3530 210 3596 rettulit,
267 3537 437 3600 otiescunque
452 3536 610 3601 epulaturus
659 3533 711 3586 Liv.
730 3534 817 3599 XXIX,
839 3537 876 3588 14.

97 3604 163 3663 erat,
181 3599 218 3649 ad
247 3602 609 3669 unalemcereumprae·
696 3604 734 3654 13.
769 3602 863 3663 servor
892 3605 1003 3660 aetatis,
1038 3603 1101 3665 „des
1131 3604 1176 3657 hl-

97 3671 174 3717 sunie
192 3668 301 3718 tibicine
319 3674 345 3719 et
362 3672 433 3720 tibiis
450 3688 467 3721 a
484 3688 549 3723 esna
562 3671 608 3722 do·
659 3673 739 3727 ters“;
757 3671 871 3723 welches
882 3669 1048 3723 Lebensalter
1060 3673 1176 3736 gemeint

96 3750 169 3785 mum
186 3737 286 3784 reveni
302 3737 398 3787 solitus
414 3743 459 3789 est.
658 3737 705 3801 sei,
723 3737 790 3802 zeigt
804 3736 849 3790 der
861 3738 1083 3805 Zusammenbang
1095 3739 1177 3803 (ser-

131 3805 155 3856 9.
173 3802 247 3854 nullo
267 3805 394 3868 eoeemplo,
412 3807 495 3864 „ohne
508 3805 567 3858 dass
580 3821 607 3859 es
659 3821 718 3856 cor
736 3809 829 3857 aetatis
836 3826 846 3867 ;
870 3823 923 3872 qun
939 3809 1177 3873 progredien-

96 3871 189 3923 vorher
206 3869 315 3924 demand
332 3872 450 3938 gethem¹
659 3877 689 3923 te
708 3911 714 3924 .
734 3910 740 3924 .
758 3912 765 3924 .
785 3876 809 3937 .).
