2610 4402
375 212 470 266 ,(111Το
488 211 600 266 MAIOR.
636 229 658 265 c.
676 215 721 278 23,
736 213 753 280 ξ
771 217 880 268 84-86.
1046 166 1048 170 '
1131 213 1170 275 ’(9

98 405 145 447 me
158 396 260 447 netum
271 386 444 459 existimem,
461 395 489 448 et
504 405 540 446 ex
550 386 608 446 vita
623 386 663 446 ite
677 386 804 459 discedo,
820 396 970 465 tamquam
985 406 1021 448 ex
1034 388 1172 468 hospitio,

98 491 159 532 non
183 480 332 549 tamquam
347 490 383 531 ex
399 472 496 532 domo.
526 470 733 532 Commorendi
749 471 829 532 enim
844 481 949 532 natura
970 471 1173 535 devorsorium

98 555 187 617 nobis
202 576 263 617 non
278 556 428 616 habitandi
443 555 532 616 dedit.
562 561 608 617 eo.
626 556 650 617 0
666 557 854 636 praeclarum
868 557 955 631 diem,
971 576 1040 617 cum
1054 558 1084 617 in
1101 559 1172 622 illud

97 641 229 702 divinum
243 641 411 701 animorum
426 641 585 701 concilium
601 649 777 719 coetumque
792 642 977 721 proficiscar,
993 661 1121 720 cumque
1136 662 1172 704 ex

59 735 73 784 5
95 727 150 787 heo
171 726 259 786 turba
282 735 311 786 et
333 725 498 786 colluvione
520 726 681 787 discedam!
704 726 880 787 Proficiscar
894 727 975 787 enim
991 747 1053 788 non
1069 729 1103 788 ad
1121 747 1172 790 eos

96 810 193 872 solum
204 812 291 886 viros,
308 811 463 889 dequibus
479 819 547 871 onte
559 811 626 885 dixi,
641 829 744 872 verum
759 811 846 872 etiam
857 811 894 872 ed
905 811 1048 873 Catonem
1062 831 1170 888 meum,

97 915 156 974 quo
172 915 260 956 nemo
276 897 319 956 vir
333 896 439 956 melior
453 904 541 957 notus
556 903 614 970 est,
631 913 719 955 nemo
735 896 841 975 pietate
856 897 1067 975 praestanti0r;
1087 898 1172 959 cuius

96 999 112 1039 3
126 996 174 1065 me
189 999 298 1060 corpus
318 988 481 1041 crematum
503 988 547 1041 est
563 1013 605 1024 —
621 981 701 1059 quod
716 988 820 1041 contra
840 981 939 1042 decuit
955 982 990 1042 ab
1006 982 1057 1043 illo
1071 1001 1171 1043 meum

95 1100 146 1140 -,
163 1065 279 1128 animus
293 1084 364 1126 vero
379 1085 441 1126 non
456 1084 504 1125 me
518 1065 670 1139 deserens,
686 1066 736 1126 sed
748 1073 927 1146 respectam,
943 1067 973 1127 in
987 1085 1020 1127 33
1035 1068 1170 1146 prefecto

45 1159 73 1210 10
94 1150 159 1210 loca
174 1151 316 1225 discessit,
332 1169 392 1228 quo
404 1150 542 1230 mihiipsi
558 1149 699 1211 cernebat
710 1169 774 1212 esse
789 1151 976 1212 veniendum.
1008 1151 1103 1222 Quem
1114 1170 1170 1231 ego

95 1254 195 1297 meum
209 1254 310 1296 casum
324 1235 440 1297 fortiter
451 1235 533 1295 ierre
546 1236 625 1296 visus
640 1254 715 1309 sum,
734 1254 795 1296 non
811 1255 871 1314 quo
887 1254 981 1314 ecquo
997 1237 1096 1296 animo
1111 1237 1170 1297 ler-

95 1338 172 1395 rem,
189 1320 239 1381 sed
254 1339 302 1380 me
316 1321 380 1400 ipse
395 1319 585 1394 consolabar,
599 1321 786 1395 existimans,
802 1340 863 1381 non
880 1321 1077 1400 longinquum
1092 1322 1171 1382 inter

96 1424 152 1466 nos
166 1405 330 1484 digressum
346 1414 375 1465 et
390 1406 551 1467 discessum
566 1407 639 1465 iore.
670 1409 716 1466 86.
732 1405 785 1465 Η13
799 1406 871 1465 mibi
887 1406 985 1479 rebus,
1002 1405 1111 1485 Scipio,
1127 1441 1169 1450 -

95 1489 124 1550 id
140 1490 220 1550 enim
236 1498 265 1550 13
281 1509 349 1550 cum
360 1490 460 1550 Laelio
476 1490 613 1552 admirari
635 1491 730 1551 solere
746 1490 859 1564 dixisti,
875 1525 916 1535 —
931 1491 1002 1550 levis
1017 1499 1061 1551 est
1082 1510 1169 1552 sene·

44 1584 72 1634 15
94 1583 169 1649 ctus,
186 1593 242 1635 nec
256 1573 352 1636 solum
368 1595 430 1635 non
445 1576 576 1648 moleste,
591 1576 642 1636 sed
657 1575 743 1635 etiem
758 1575 896 1635 iucunda.
925 1575 1009 1646 Quod
1025 1575 1049 1636 si
1065 1576 1096 1635 in
1111 1577 1169 1636 hoc
1242 1639 1245 1642 Α

96 1678 174 1734 erro,
186 1660 236 1737 qui
244 1660 358 1720 animos
369 1660 523 1720 bominum
534 1660 714 1721 immortales
725 1678 789 1720 3333
801 1660 929 1734 credam,
941 1660 1080 1720 lubenter
1090 1678 1168 1736 erro,

96 1763 151 1805 nec
163 1744 235 1805 mibi
252 1745 334 1803 bunc
349 1762 491 1819 errorem,
507 1763 566 1822 quo
582 1746 722 1818 delector,
737 1746 808 1805 dum
822 1744 886 1806 vivo
902 1745 1071 1823 extorqueri
1086 1746 1168 1821 volo;

96 1829 141 1890 sin
157 1838 301 1904 mortuus,
317 1837 350 1888 ut
361 1829 480 1907 quidam
494 1829 601 1889 minuti
612 1830 781 1910 philosophi
796 1839 930 1903 censent,
946 1830 1019 1890 nibil
1033 1830 1168 1905 sentiam,

96 1933 158 1974 non
170 1931 284 1989 vereor,
301 1932 339 1974 ne
350 1915 431 1974 hune
447 1931 581 1974 errorem
595 1933 694 1975 meum
709 1915 877 1994 philosophi
892 1915 1002 1974 mortui
1018 1915 1167 1976 irrideant.

43 2011 73 2062 2⁰
96 1997 182 2068 Quod
198 1998 222 2059 si
238 2018 300 2059 non
315 2017 418 2060 sumus
439 1999 619 2060 immortales
634 1999 741 2073 futuri,
765 2008 862 2059 tamen
886 1999 1034 2077 exstingui
1055 1999 1168 2060 bomini

131 2185 153 2234 1.
171 2198 206 2232 eo·
225 2185 331 2233 vitoita
344 2183 607 2248 discedo,tomqeam
659 2184 742 2247 tehot,
763 2183 861 2233 delicto
879 2183 981 2248 dolere,
1006 2186 1170 2234 correctione

94 2278 128 2287 —
147 2266 181 2300 33
199 2250 284 2301 domo.
304 2249 379 2301 Sinn:
397 2251 439 2301 ich
451 2251 517 2302 habe
535 2251 606 2304 diese
655 2251 782 2314 gaudere.

94 2316 159 2368 Erde
178 2317 275 2369 313313
293 2319 377 2370 moine
390 2319 476 2371 wahre
488 2318 605 2370 lleimcth
693 2322 732 2371 11.
750 2334 875 2387 3331333
893 2347 928 2356 -
944 2318 1052 2383 forem,
1072 2319 1119 2367 sed
1134 2346 1168 2355 —

94 2387 217 2449 (domus),
235 2385 344 2437 sondem
357 2402 404 2437 nur
416 2387 454 2437 313
467 2387 524 2438 eine
537 2390 606 2452 gaet-
657 2388 823 2437 consolabar.
859 2386 913 2437 Sed
936 2387 1003 2437 ohne
1021 2386 1099 2450 qood,
1118 2385 1167 2436 wie
1249 2450 1250 2453 Ἴ

93 2453 162 2504 liobe
190 2451 329 2519 Wobnung
362 2456 526 2520 (hospitium)
562 2454 607 2505 be·
656 2453 728 2505 nicht
745 2453 835 2518 seiten,
852 2453 1005 2519 Uebergang
1022 2467 1069 2504 eus
1085 2453 1167 2504 einem

95 2522 213 2574 trachtet.
657 2520 813 2572 Relativsatz
849 2520 875 2570 in
909 2522 982 2572 einen
1018 2518 1167 2586 llanptsntz.

129 2591 153 2640 2.
187 2589 382 2654 commorandi,
415 2589 472 2640 eine
505 2586 605 2640 Weile
656 2590 749 2654 Aequo
779 2592 869 2640 animo
901 2589 993 2640 endere
1024 2587 1063 2639 313
1089 2587 1106 2654 §
1134 2591 1166 2641 83

94 2657 191 2721 (mora)
210 2671 251 2708 wo
270 2656 382 2720 bleiben,
400 2657 434 2707 im
447 2655 606 2721 Gegensatze
657 2659 816 2722 aequissimo
839 2659 937 2708 animo.
973 2655 1032 2707 llier
1056 2656 1167 2722 „gleich-

94 2740 126 2775 zn
161 2725 314 2790 habitandi,
350 2725 424 2776 einen
460 2723 605 2776 deuernden

94 2790 263 2844 Wobnsitz
281 2793 372 2844 haben.

129 2863 152 2912 6.
179 2860 216 2910 od
228 2859 353 2910 Catonem
372 2876 467 2921 333333,
480 2859 605 2912 (13183113

93 2941 199 2978 unseres
226 2927 297 2992 Ceto,
324 2942 376 2978 von
400 2928 524 2978 welcbem
549 2931 605 2980 c.6

93 2995 110 3061 ς
130 2997 161 3047 16
179 2994 220 3047 die
240 2994 307 3046 Rede
325 3009 454 3061 genesen.

128 3065 152 3114 8.
179 3063 252 3128 qood
271 3068 366 3114 eontra
384 3090 418 3102 -
434 3071 533 3127 meum,
547 3064 604 3114 eine

93 3129 267 3197 Verkhrzung.
320 3130 483 3196 Vollstindig
516 3129 604 3182 winde

93 3197 138 3249 der
162 3195 222 3249 Satz
246 3199 380 3263 geheissen
407 3200 503 3250 haben:
533 3199 606 3264 quod

93 3269 188 3317 contra
200 3266 297 3332 decuit,
311 3267 443 3318 (13331131
455 3267 503 3318 illo
517 3282 605 3317 meum

92 3336 227 3396 (coenari)
239 3361 274 3372 ·—
286 3335 359 3399 qood
374 3334 477 3385 beziebt
494 3335 548 3386 sich
561 3334 607 3386 331

92 3401 141 3453 den
168 3417 266 3468 ganzen
293 3401 519 3467 vorbergehenden
544 3402 604 3453 Satz

92 3472 169 3520 33133
186 3486 203 3520 3
221 3486 262 3520 me
279 3485 377 3534 eorpus
393 3473 538 3520 crematum
550 3474 590 3521 331
595 3490 606 3532 ,·

92 3542 187 3588 eontro
197 3537 400 3590 isthdverbium.
414 3537 539 3599 „Eshitte
548 3537 604 3589 sich

93 3605 138 3656 des
165 3604 317 3670 Gegentheil
344 3607 428 3658 devoo
456 3604 602 3672 geschickt3

92 3688 120 3723 er
147 3672 218 3723 bitte
245 3673 312 3723 mich
337 3674 467 3726 bestatten
494 3673 601 3726 3311313(ί

92 3739 150 3806 Vgl.
169 3741 334 3810 deamicitia
352 3756 373 3792 c.
389 3744 429 3804 rt,
443 3743 460 3807 ξ
472 3744 513 3794 90.
540 3743 603 3792 Pec-

93 3823 164 3858 33333
181 3825 209 3858 se
225 3824 279 3859 non
295 3815 443 3872 nogumur,
462 3812 604 3874 obiurgari

92 3876 198 3927 33313313
208 3874 316 3936 semini:
334 3878 406 3942 quod
417 3881 511 3928 contro
525 3893 603 3943 opor-

657 2725 772 2791 ghltig“‚
808 2724 865 2776 dort
903 2725 969 2788 ,mit
997 2723 1167 2788 Gleicbmuth‚

658 2792 799 2859 Fessung“.

694 2864 733 2913 14.
751 2861 782 2911 id
798 2863 869 2910 enim
891 2865 915 2911 te
933 2877 992 2911 cum
1009 2859 1103 2910 Laelio
1121 2860 1167 2910 ad-

658 2932 755 2979 mirari
765 2928 849 2978 solere
861 2928 964 2978 dixisti.
981 2926 1040 2992 vgi.
1051 2942 1072 2978 c.
1083 2929 1107 2991 2,
1117 2928 1165 2990 §4

657 2994 731 3046 Diese
743 2993 906 3061 Bemerkung
917 2996 988 3046 hatte
1006 2994 1047 3045 die
1064 2995 1167 3044 iussere

658 3063 849 3128 Veranlnssung
874 3078 906 3114 zu
932 3062 1015 3113 Gato's
1041 3060 1166 3127 Vortroge

654 3131 719 3182 fiber
735 3131 782 3183 das
799 3130 970 3182 Greisenalter
987 3130 1111 3196 gegeben.

693 3202 730 3252 18.
758 3199 868 3264 quidam
885 3200 985 3249 menon·
1003 3197 1165 3262 philosophi,

656 3266 749 3319 ι11131113
774 3265 957 3333 Philosophen'
980 3266 1036 3326 (mit
1062 3264 1167 3330 Gering-

656 3335 813 3400 sobhtznng).
849 3333 951 3385 Ebenso
969 3336 1069 3383 minuti
1085 3336 1166 3398 impe·

655 3407 760 3454 ratores
778 3402 828 3453 Cic.
841 3400 911 3453 Brut.
925 3418 946 3453 c.
960 3404 1000 3463 13,
1014 3401 1030 3467 ξ
1043 3404 1100 3453 256.

692 3473 731 3523 19.
748 3486 803 3520 ooo
820 3485 921 3531 vereor,
939 3469 1165 3520 rte—irrideant.

655 3536 738 3590 Wenn
761 3552 808 3589 uns
833 3536 951 3602 nhmlicb,
975 3537 1025 3588 wie
1048 3538 1086 3589 313
1104 3537 1166 3588 mei-

655 3621 717 3670 nen‚
741 3604 801 3656 hein
820 3604 912 3656 Geldhl
935 3605 1000 3656 nach
1018 3604 1075 3656 dem
1094 3604 1165 3655 Tode

655 3673 743 3736 bleibt,
771 3689 800 3724 so
827 3672 931 3724 werden
958 3675 995 3725 sie
1021 3674 1056 3724 ini
1083 3671 1165 3723 Grebe

654 3741 726 3792 nicht
742 3742 806 3793 fiber
817 3755 866 3792 uns
878 3741 969 3793 lachen
981 3741 1092 3803 lxdnnen,
1105 3738 1165 3789 weil

655 3809 720 3862 auch
742 3809 788 3871 sie,
812 3809 878 3860 nach
902 3809 968 3861 ihrer
990 3807 1165 3873 3133333113-

654 3874 1164 3944 31311113331131331113311313331131133.
