2610 4402
159 226 200 288 76
446 230 532 285 CATO
550 230 662 284 nmen.
697 247 718 283 a.
736 233 778 295 22,
796 231 812 298 ξ
831 233 941 284 'tu-81.

158 428 283 483 cessero,
296 425 443 484 nusquam
454 413 505 466 aut
515 405 630 466 nullum
641 404 714 464 lore.
740 403 843 481 Neque
856 403 945 476 enim,
960 403 1030 463 dum
1042 420 1123 464 eram
1133 403 1233 464 vobis·

158 493 242 567 eum,
258 492 388 553 animum
404 508 504 551 meum
518 488 676 564 videbatis3
691 489 744 549 sed
759 506 827 549 eum
843 507 907 549 esse
922 488 953 548 in
968 489 1026 549 hoa
1040 507 1177 567 corpore,
1195 508 1232 550 ox

157 581 200 641 eis
211 578 310 652 robus,
326 595 400 655 quas
414 575 563 654 gerebam,
578 573 802 652 intellegebatis.
832 572 970 633 Eundem
984 573 1074 652 igitur
1085 592 1150 635 esse
1166 592 1232 635 ore·

155 664 261 738 ditate,
283 661 395 724 etiamsi
409 660 525 720 nullum
538 657 683 719 videbitis.
713 663 759 720 80.
775 658 837 718 Nec
850 675 921 718 vero
935 659 1085 719 clarorum
1099 659 1232 720 virorum

155 755 365 830 postmortem
379 747 510 806 honores
524 751 743 822 permanerent,
759 742 868 804 si.nihil
880 744 1129 822 earumipsarum
1141 744 1232 805 animi
1253 754 1271 803 5

156 836 324 905 efficerent,
348 849 407 909 quo
431 829 541 889 diutius
561 828 734 890 memoriam
749 829 795 889 sui
809 836 988 890 teneremus.
1017 828 1089 890 Mihi
1110 829 1231 906 quidem

156 936 319 997 numquam
333 914 505 994 persuaderi
519 912 632 992 potuit,
655 912 785 995 animos,
807 913 879 974 dum
892 913 923 974 in
941 913 1117 992 corporibus
1131 923 1233 976 essent

155 1002 338 1075 mortalibus,
353 1000 459 1074 vivere,
475 1016 543 1059 oum
557 997 752 1060 excessissent
766 1017 802 1058 ex
817 999 867 1072 eis,
883 999 986 1073 emori,
1002 1017 1057 1060 neo
1072 1017 1152 1074 vern,
1166 1008 1232 1060 tum

156 1089 287 1149 animum
296 1104 359 1148 esse
371 1084 569 1164 insipientem,
581 1102 649 1144 cum
661 1103 698 1144 ex
707 1083 860 1163 insipienti
871 1102 999 1163 corpore
1009 1084 1156 1157 evasisset,
1168 1085 1231 1159 sed,

156 1191 224 1234 eum
240 1172 321 1232 omni
336 1168 515 1231 admixtione
533 1168 668 1248 eorporis
682 1166 838 1243 liberatus,
860 1187 954 1248 purus
977 1177 1007 1229 et
1028 1170 1144 1247 integer
1165 1187 1231 1230 esse
1254 1176 1283 1227 11

156 1257 310 1336 coepisset,
324 1264 388 1315 tum
400 1272 464 1314 esse
475 1253 648 1332 sapientem.
678 1253 775 1331 Atque
789 1253 885 1328 etiam,
900 1273 969 1314 eum
979 1254 1109 1315 hominis
1124 1263 1232 1314 natura

155 1350 251 1402 morte
266 1339 448 1413 dissolvitur,
463 1347 628 1399 ceterarum
644 1357 759 1412 rerum,
774 1340 965 1418 perspicuum
981 1348 1040 1414 est,
1062 1357 1122 1417 qno
1137 1358 1231 1418 quae·
1294 1346 1299 1352 ’

155 1445 214 1504 que
236 1425 380 1500 disnodat3
399 1423 510 1484 abeunt
531 1423 612 1484 enim
627 1424 726 1484 omnia
740 1422 819 1498 illuc,
834 1425 914 1486 unde
929 1432 993 1485 orta
1007 1432 1093 1499 sunt;
1113 1424 1231 1485 animus

154 1521 252 1572 autem
267 1511 350 1570 solus
363 1527 429 1583 neo,
446 1526 514 1568 oum
524 1509 616 1582 adest,
631 1527 697 1583 neo,
713 1528 782 1570 oum
795 1509 928 1584 discedit,
943 1518 1074 1589 apparet.
1107 1515 1151 1570 81.
1168 1509 1231 1569 lam

154 1615 223 1657 vero
235 1595 347 1668 videtis,
360 1593 434 1654 nihil
445 1612 509 1654 esse
520 1594 609 1655 morti
620 1602 679 1653 tam
688 1594 791 1668 simile,
804 1613 1048 1673 quamsomnum.
1062 1595 1232 1673 Atquidor-
1255 1603 1282 1655 15

153 1676 310 1741 minutium
321 1679 412 1740 animi
424 1677 548 1738 maxime
560 1679 711 1739 declarant
726 1679 906 1740 divinitatem
921 1697 1020 1755 snam3
1036 1680 1129 1739 multa
1140 1680 1231 1756 enim,

154 1784 224 1827 oum
233 1763 348 1825 remissi
356 1772 385 1824 et
394 1762 481 1825 liberi
491 1771 571 1839 sunt,
583 1764 682 1824 futura
694 1763 890 1843 prospioiunt.
913 1763 1025 1843 Exque
1037 1763 1231 1843 intellegitur,

152 1933 300 1982 amabitis.
340 1930 390 1981 Iler
407 1927 614 1995 Gedanhengang
631 1929 666 1980 ist
715 1935 782 1983 mus.
817 1929 892 1982 Sinn:
919 1931 965 1983 der
981 1929 1065 1982 Mhm
1082 1931 1232 1983 berlihmter

153 1999 301 2065 folgenden:
319 1997 369 2050 den
381 1997 453 2049 Geist
465 1997 523 2049 seht
542 1997 582 2049 ihr
593 1997 665 2048 nicht
715 1997 821 2050 Menneu
851 1999 939 2051 wtirde
968 1999 1039 2049 niaht
1072 1998 1231 2064 lortdauem,

152 2068 188 2118 ira
217 2066 366 2130 Lebenden,
395 2081 494 2117 warum
523 2065 598 2117 wollt
626 2065 666 2117 ilu
716 2081 793 2118 wenn
810 2067 882 2118 nicht
900 2067 981 2118 selbst
998 2066 1064 2118 nach
1082 2067 1140 2117 dem
1156 2066 1230 2120 Tode

152 2135 281 2200 aweileln,
301 2134 362 2186 dass
379 2149 407 2185 er
424 2133 494 2184 nicht
512 2133 615 2185 aussrort
632 2148 663 2184 zu
715 2135 770 2185 ihre
793 2133 893 2186 Geister
914 2134 972 2190 eine
993 2133 1164 2200 Einwirkung
1186 2136 1233 2188 auf

153 2203 217 2266 sein,
239 2217 316 2253 wenn
333 2201 378 2252 (lar
395 2201 456 2252 Leib
474 2202 612 2266 gestorben
629 2201 665 2251 ist
716 2202 758 2254 dle
774 2201 913 2254 Mensahen
931 2202 1065 2254 ausbbten.

153 2270 180 2332 (ὅ
193 2272 245 2334 79).
278 2268 328 2320 Der
349 2267 495 2319 Naohruhm
517 2268 665 2320 beruhrater
749 2273 773 2322 9.
791 2273 972 2336 insipientem,
995 2271 1077 2331 „ohne
1097 2269 1231 2322 Bewusst·

150 2335 257 2389 Minner
273 2336 385 2388 beweist
401 2335 448 2387 das
464 2335 601 2387 Fortleben
618 2335 663 2387 des
714 2338 795 2390 sein‘t
830 2337 877 2389 Bei
893 2337 1039 2404 Xenophon
1055 2334 1163 2408 ἄφρων.

151 2405 252 2458 Geistes
263 2405 291 2471 (5
302 2407 355 2467 80).
385 2403 458 2455 Anah
480 2403 600 2456 wibrend
617 2403 663 2455 des
747 2407 908 2457 sad—tum
925 2409 1145 2472 esseaapientem.
1173 2406 1230 2458 Ans

151 2472 285 2526 Sahlalens
297 2473 352 2524 lebt
363 2472 408 2524 der
420 2472 499 2537 (laist,
513 2474 543 2537 ja
555 2487 582 2524 er
594 2473 663 2537 aeigt
714 2473 1005 2539 demvorhergehenden
1014 2490 1160 2540 numquam
1165 2491 1230 2540 per·

149 2542 177 2592 in
189 2541 321 2594 erhbhtene
331 2539 414 2591 Grada
422 2541 511 2592 seinen
521 2540 663 2606 gottliahen
713 2543 823 2593 madert
831 2545 924 2608 potuit
940 2543 975 2593 ist
986 2543 1042 2594 hier
1054 2542 1100 2594 das
1117 2541 1231 2594 affirme-

149 2607 283 2675 Ursprung
308 2609 507 2673 (divinitatem),
533 2608 584 2660 wie
610 2607 663 2659 viel
713 2611 768 2661 tive
784 2611 851 2660 neihi
865 2611 991 2676 persuasi
1007 2626 1040 2661 zu
1057 2611 1194 2676 eaginaen.

150 2678 222 2729 mehr
239 2675 490 2728 mussdasderl'all
503 2677 567 2738 sein,
585 2690 663 2726 wenn
750 2681 789 2730 lo.
817 2681 890 2728 amni
914 2679 1085 2730 motatione
1106 2682 1230 2745 eorporis

149 2758 177 2794 er
193 2759 245 2795 von
263 2743 313 2795 den
330 2743 435 2794 Banden
452 2743 498 2795 (les
515 2744 606 2795 Leibes
618 2743 662 2793 be·
714 2745 850 2810 liberam,
866 2740 990 2815 ἄκρατος.

149 2810 208 2862 sreit
225 2810 260 2861 ist
277 2809 304 2876 (θ
317 2812 348 2862 81
368 2813 425 2860 iam
446 2826 508 2861 uero
520 2812 662 2861 uidetis-
749 2816 789 2865 11.
807 2817 863 2863 tum
875 2829 929 2864 eme
943 2817 1098 2880 captatelam,
1115 2827 1229 2878 genauer

147 2881 351 2942 relauaoera'at).
375 2877 485 2930 Glauhet
501 2877 556 2930 also
575 2893 608 2929 an
620 2877 662 2930 die
713 2883 748 2932 im
766 2880 959 2934 Grieahisehen:
983 2879 1049 2933 τότε
1069 2884 1115 2932 καὶ
1132 2899 1228 2951 φρονι-

149 2946 326 3010 thtliahheit,
348 2946 373 2997 d.
392 2948 409 3000 i.
433 2946 661 2999 Uusterbliah-
712 2945 843 3005 μώτατον
860 2948 930 3003 εἰκὸς
948 2944 1034 3001 αὐτὸν
1050 2947 1128 3000 εἶναι.

148 3015 217 3068 keit
235 3015 300 3067 auch
317 3014 415 3066 moines
428 3015 528 3067 Geistes
539 3015 592 3068 und
605 3015 661 3066 ehrt
749 3019 787 3070 12.
806 3023 954 3069 ceterarum
970 3033 1074 3082 raum,
1096 3017 1229 3084 abhhngig

148 3085 217 3135 mich
234 3083 284 3134 wie
297 3084 372 3134 einen
385 3083 454 3148 Gott,
471 3083 496 3137 d.
505 3085 522 3134 i.
535 3083 574 3136 als
586 3083 661 3135 einen
711 3101 763 3137 von
782 3085 839 3137 dem
857 3085 995 3152 folgenden
1012 3100 1141 3151 quaeque.

148 3151 344 3204 Unsterblichen
366 3151 393 3218 (5
406 3154 436 3203 81
460 3151 500 3202 bis
522 3167 554 3203 zu
572 3150 660 3216 Eudo).
748 3156 788 3219 13.
811 3155 961 3205 abeunt-
978 3154 1050 3204 uado
1072 3157 1134 3204 orta
1155 3160 1228 3206 eunt

184 3224 206 3273 1.
224 3221 328 3270 nullum
345 3217 414 3280 fora,
433 3233 495 3284 „gar
512 3218 608 3272 nieht“.
711 3220 758 3273 Bei
784 3221 928 3287 Xenophon
952 3213 1072 3274 ἀπιόντα
1097 3218 1173 3288 σιρὸν
1193 3219 1228 3274 τὸ

182 3290 206 3340 1.
232 3288 377 3351 videbatis,
400 3287 543 3352 Gegensats
565 3303 597 3339 au
618 3290 661 3337 iu·
711 3282 858 3358 &papulam

148 3355 319 3419 tellegebatis.
342 3355 379 3406 lm
392 3354 517 3420 Original:
535 3349 599 3406 otta
607 3351 661 3435 peip
746 3360 852 3408 animus
860 3387 893 3397 -
904 3362 1025 3424 apparat.
1038 3356 1096 3439 Vgl.
1106 3356 1228 3424 Xmaoph.

147 3417 660 3555 potusustentante
711 3419 1231 3546 11111111

148 3553 185 3609 aie
201 3547 287 3608 οὖσαν
304 3509 489 3628 κὲἕεφωρέτε.
710 3511 815 3630 was.
922 3513 937 3565 ρ

182 3627 206 3678 3.
224 3625 336 3675 eandm
352 3629 441 3691 igitur
458 3643 512 3678 ease
523 3627 658 3688 meditate,
746 3633 786 3682 15.
805 3633 890 3695 alqui,
908 3634 1002 3691 ,nnn“‚
1020 3629 1166 3682 Untersata.

147 3693 218 3746 nicht
236 3693 375 3744 eundem
394 3711 456 3759 esse,
473 3695 661 3748 sonderneun·
746 3700 785 3749 17.
812 3701 925 3750 reanum.
960 3696 1019 3764 vgl.
1038 3713 1059 3750 c.
1080 3699 1124 3763 111,
1143 3699 1161 3764 ἦ
1181 3701 1230 3752 311

147 3762 204 3814 dem
223 3777 292 3813 esse
309 3761 344 3812 ist
361 3777 393 3812 zu
411 3763 541 3816 betonem·
710 3769 872 3817 intantum
889 3795 924 3803 —
945 3769 1066 3817 animum
1086 3771 1230 3832 tamquam

180 3835 205 3883 4.
223 3846 273 3881 oea
289 3845 351 3880 uera
370 3857 403 3868 -
420 3837 615 3896 permaneant,
635 3834 660 3881 ai
710 3848 802 3885 armam
820 3835 940 3886 habehat.

145 3900 216 3949 nibil
231 3925 265 3936 -
283 3897 431 3962 efficerent,
448 3914 501 3962 quo
514 3928 545 3938 —
558 3905 659 3951 tenere-
745 3919 780 3956 aa
792 3918 844 3966 quo
862 3903 1038 3968 intellegitur,
1050 3901 1231 3956 Seblusssatz.
