2610 4402
101 211 141 299 re
422 211 507 265 citro
525 211 637 267 uxron.
672 229 694 265 ι.
714 217 755 279 11,
771 213 789 281 e
807 215 849 267 ae.

103 391 225 468 cong03
242 406 397 449 causarum
411 388 578 460 illustrium,
594 406 788 465 quascunque
800 387 927 460 defendi,
942 406 1025 448 nune
1037 406 1108 448 cum
1120 407 1182 449 ma·

102 476 179 535 xime
194 474 320 535 conficio
337 473 500 547 crationes;
516 473 562 533 ius
577 471 742 550 augurium,
758 471 954 551 pontificium,
971 472 1055 532 civile
1070 481 1182 548 traeto;

102 561 228 621 multum
239 559 326 619 etiam
338 557 457 618 Graecis
467 556 573 617 litteris
584 566 661 631 utor,
677 557 988 637 Pythagoreorumque
999 575 1084 617 more
1096 576 1184 620 exer-

103 645 213 706 cendae
240 644 398 705 memoriae
420 641 528 721 gratia,
555 642 625 720 quid
648 660 767 719 quoque
790 640 836 702 die
859 641 997 714 dixerim,
1026 642 1181 718 audierim,

103 731 229 809 egerim,
254 746 453 794 commemoro
475 727 599 806 vesperi.
637 726 698 786 Hae
717 735 787 788 sunt
809 726 1035 787 exercitationes
1057 727 1184 807 ingenii,
1202 738 1217 787 ⁵

102 815 174 875 haec
190 812 336 874 curricula
351 812 473 887 mentis;
496 811 527 872 in
543 812 588 872 his
603 812 751 875 desudans
766 821 854 889 atque
870 810 1184 893 elaborans-corporis

103 898 179 959 vires
195 917 256 959 non
271 916 380 978 magno
396 916 486 975 opere
502 897 645 957 desidero.
676 896 787 958 Adsum
802 895 919 971 amicis;
941 897 1028 957 venio
1046 897 1078 957 in
1094 917 1182 961 sena·

103 993 166 1043 tum
178 983 328 1061 frequens,
344 983 482 1061 ultroque
494 982 593 1042 adfero
605 1000 654 1041 res
664 982 790 1041 multum
803 988 832 1042 ct
843 980 894 1040 diu
906 981 1055 1061 cogitatas,
1071 1001 1183 1062 easque

103 1077 189 1128 tueor
204 1067 309 1140 enimi,
333 1087 395 1128 non
419 1067 552 1146 corporis
572 1065 694 1126 viribus.
725 1066 807 1137 Quae
824 1066 848 1126 si
870 1067 992 1145 exsequi
1014 1067 1183 1145 nequirem,

102 1162 200 1213 tamen
216 1172 263 1212 me
279 1153 404 1213 lectulus
419 1170 503 1212 meus
518 1150 680 1211 oblectaret
695 1171 729 1212 ea
743 1151 807 1230 ipsa
822 1150 1016 1228 cogitantem,
1032 1170 1111 1229 quae
1124 1153 1183 1215 iam
1202 1158 1223 1209 tt

103 1256 221 1317 agerem
234 1234 254 1319 [;
262 1238 313 1297 sed
319 1245 353 1296 ut
364 1237 475 1315 possim
489 1235 558 1296 facit
570 1245 635 1296 acta
645 1231 724 1318 vita].
749 1237 873 1314 Semper
884 1236 965 1296 enim
976 1237 1007 1297 in
1019 1236 1065 1297 his
1077 1239 1183 1300 studiis

102 1321 314 1399 laboribusque
328 1320 436 1381 viventi
452 1341 513 1381 non
529 1321 724 1400 intellegitur,
747 1321 866 1399 quando
882 1319 1007 1400 'obrepat
1024 1331 1183 1400 senectus3

103 1407 142 1466 ita
154 1407 266 1467 sensim
277 1406 341 1466 sine
352 1425 442 1467 sensu
455 1416 534 1468 aetas
545 1406 683 1480 senescit,
699 1426 754 1466 nec
767 1405 864 1466 subito
876 1406 1034 1484 frangitur,
1048 1407 1102 1467 sed
1116 1408 1182 1469 diu-

103 1491 245 1551 turnitate
260 1491 466 1570 exstinguitur.
1033 1519 1035 1522 ’

99 1643 163 1707 puit
185 1641 354 1691 Lusitanos.
378 1680 384 1692 .
406 1680 412 1691 .
435 1681 440 1692 .
469 1643 499 1691 ln
523 1644 618 1708 quibus
702 1634 770 1704 μηδ’
790 1631 879 1689 ὕπνον
890 1635 1053 1705 μαλακοῖσιν
1065 1634 1115 1692 ἐπ’
1135 1638 1182 1708 ὅμ-

103 1711 188 1759 multu
205 1711 342 1760 industria
355 1715 381 1759 et
393 1709 535 1774 diligentia
548 1724 618 1759 eom-

99 1782 188 1842 peret,
205 1779 281 1827 multa
300 1777 432 1827 doctrina.
455 1777 489 1827 Es
507 1792 561 1827 war
572 1777 618 1828 das

105 1846 172 1894 erste
195 1844 321 1896 romische
343 1843 567 1896 Geschicbtswerk
591 1845 615 1893 in

103 1910 177 1964 Rom.
197 1911 225 1972 Q.
237 1911 329 1963 Fabius
344 1910 431 1964 Pictor
445 1929 469 1963 u.
479 1912 504 1963 L.
516 1911 617 1963 Cincius

103 1979 256 2044 Alimentus,
278 1981 378 2045 wenige
396 1979 550 2031 Jahrzebnte
571 1995 618 2030 vor

104 2048 164 2111 ihm,
175 2048 264 2098 hatten
277 2046 331 2099 ihre
343 2048 458 2100 Annalen
471 2050 497 2098 in
510 2048 617 2114 griechi-

105 2115 179 2165 scher
197 2114 310 2181 Sprache
322 2117 498 2181 gesebrieben.
534 2116 617 2167 Ueber

104 2181 201 2231 Ennius
222 2198 242 2232 s.
261 2199 293 2233 zu
311 2199 332 2234 c.
354 2186 409 2248 i,§
432 2189 452 2235 l.

139 2254 178 2298 est
189 2252 218 2298 in
230 2253 361 2315 inanibus,
384 2250 440 2312 „ich
453 2251 549 2302 arbeite
562 2250 617 2301 dar-

105 2316 349 2370 dbe1·“.Andersc.
369 2321 393 2379 t,
413 2320 428 2382 ξ
451 2320 488 2371 tt.

139 2388 229 2436 omnic
248 2415 282 2422 -
300 2387 406 2450 colligo,
432 2386 472 2437 fin
497 2385 541 2437 das
559 2400 617 2436 vor-

104 2454 280 2505 hererwirhnte
298 2452 377 2506 Buch.
466 2470 468 2474 ·

142 2523 162 2573 l.
182 2537 301 2586 quoscum
320 2537 353 2572 ue
367 2520 482 2583 defendi,
502 2521 542 2582 „in
556 2520 618 2572 wel-

105 2589 169 2639 ehen
189 2588 230 2640 ich
244 2591 282 2640 als
295 2539 473 2655 fortheidiger
491 2590 619 2654 eu‘lgetre-

104 2660 147 2706 ten
165 2656 235 2708 bin“.
260 2655 319 2721 Vgl.
333 2657 420 2708 Cicero
439 2657 470 2708 de
488 2663 588 2708 oratore
600 2657 619 2721 l,

104 2738 126 2772 c.
145 2725 169 2787 2,
189 2725 204 2785 ,b
224 2726 239 2775 5
259 2739 353 2774 causae
371 2725 467 2774 dicero.

137 2804 211 2838 mune
243 2805 303 2839 mm
344 2794 476 2855 mammo,
511 2792 618 2857 „gerade

101 2858 193 2920 jetzt“.

140 2926 163 2975 2.
183 2927 327 2976 orationes.
340 2925 529 2978 Cicerokannte
541 2926 618 2978 deren

104 2992 178 3045 mehr
196 2992 234 3044 als
255 2996 311 3046 150.

139 3064 182 3112 ius
209 3064 369 3126 augmium,
397 3078 417 3114 s.
442 3078 464 3114 c.
488 3065 511 3126 4,
537 3064 552 3127 ξ
580 3065 619 3114 12.

105 3132 148 3179 ius
162 3130 336 3196 pontificium
353 3131 393 3191 (so
412 3129 476 3180 anch
493 3130 619 3194 bei‘Cato,

106 3197 177 3248 nieht
215 3197 375 3262 castificum),
397 3195 441 3247 das
464 3196 545 3248 Reeht
575 3197 619 3250 der

105 3262 180 3314 Ponti
203 3281 261 3327 ces,
280 3265 362 3317 denen
381 3264 421 3315 die
440 3263 619 3317 Oberaufsicbt

106 3330 619 3398 iiberdiehirchlicbeVerfassungirber-

108 3400 196 3462 tragon
214 3414 274 3451 war.

141 3468 165 3517 3.
186 3465 295 3518 Graecis
307 3468 404 3520 litteris
421 3472 492 3532 utor,
507 3467 562 3528 „ich
576 3468 619 3519 be-

107 3531 233 3650 schilqige
260 3536 327 3587 mich
353 3537 400 3589 mit
422 3535 516 3602 griech.
542 3536 619 3588 titte-

107 3613 134 3649 ra
148 3615 201 3651 ur.

141 3671 166 3718 4.
185 3668 251 3732 quid
267 3685 370 3734 quoque
388 3672 432 3722 die
448 3672 566 3722 dixerim
584 3701 618 3709 —-

108 3750 281 3786 commemoro
292 3741 401 3801 verpeii.
420 3738 454 3790 So
466 3740 546 3792 beisst
555 3755 583 3792 es
592 3740 619 3790 in

110 3802 159 3855 den
178 3803 233 3854 dem
253 3803 342 3855 Stilter
360 3804 405 3855 der
422 3805 515 3860 Schule
533 3812 619 3859 unter-

110 3871 288 3938 geschobenen
304 3872 390 3944 χρυσᾶ
403 3874 456 3939 ἔπη
467 3890 492 3926 ι.
505 3877 618 3927 <tc-42:

805 1723 872 1771 μασι
890 1702 1109 1776 προσδέξασθαι,

702 1909 741 1980 πῇ
751 1912 875 1981 παρέβην
880 1930 890 1974 ,·
909 1915 939 1961 τί
947 1905 976 1960 ὃ)
989 1909 1085 1978 ἔρεξας
1100 1915 1131 1963 τί
1136 1929 1183 1979 μοι

803 1973 866 2028 δέον
884 1971 934 2028 οὐκ
949 1975 1081 2044 ἐτελέσθη
1086 1998 1097 2042 ;

702 2047 726 2094 7.
744 2045 837 2094 adsum
855 2049 961 2110 amicte,
980 2047 1026 2098 mit
1044 2046 1112 2099 Rath
1130 2047 1183 2099 und

668 2112 787 2164 Beistand
805 2127 852 2164 vor
870 2112 979 2165 Gerieht.

704 2182 744 2232 10.
772 2184 946 2246 cogitantem,
975 2181 1121 2248 Gegensatz
1151 2198 1183 2235 zu

667 2266 684 2299 a
705 2264 755 2299 ere.

683 2263 734 2367 gea
760 2318 833 2380 ipsu,
860 2316 962 2368 bezieht
985 2317 1040 2369 sich
1067 2318 1115 2370 aul
1136 2318 1182 2370 des

669 2383 877 2448 vorhergehende
895 2400 971 2449 quae.

703 2455 842 2516 quactum
866 2466 984 2516 agerem,
1010 2451 1052 2512 „in
1070 2451 1115 2503 der
1132 2451 1183 2502 Ab

669 2518 744 2584 sicht,
763 2533 790 2571 es
804 2518 864 2569 bald
876 2519 1073 2571 ausznftthren“.
1105 2518 1182 2571 Siun:

669 2585 754 2638 Wenn
773 2586 817 2637 der
827 2586 898 2639 Greis
917 2587 1000 2638 nic'hts
1019 2586 1184 2652 dergleicben

670 2654 808 2705 ausitibren
825 2654 902 2715 kann,
921 2671 949 2706 so
965 2654 1122 2721 bescbiftigt
1139 2654 1183 2706 ihn

671 2722 737 2773 doch
760 2723 925 2788 genussreich
947 2723 993 2774 das
1016 2723 1106 2793 bloese
1123 2720 1184 2775 Ent-

671 2789 767 2840 werten
786 2805 837 2841 von
856 2789 965 2854 Pl'anen,
989 2790 1031 2842 die
1049 2805 1077 2841 er
1094 2791 1183 2843 immet

670 2858 737 2910 noch
761 2856 820 2908 bold
845 2874 875 2908 zu
898 2858 1093 2909 rerwirldicben
1118 2856 1183 2921 boll}

669 2927 748 2992 (quae
759 2928 815 2976 iam
827 2933 956 2991 ogeremt:
967 2926 1091 2990 erliutert
1102 2925 1182 2985 durch

670 3010 692 3047 c.
711 2997 735 3058 t,
754 2993 770 3060 ξ
788 2997 821 3046 24
839 3010 929 3045 neruo
948 2997 1034 3044 emim
1053 2998 1116 3044 tam
1135 2996 1185 3044 est

669 3078 786 3125 semeae,
819 3066 877 3128 qui
905 3079 937 3112 se
966 3077 1090 3113 annum
1119 3076 1184 3112 non

668 3133 768 3196 putet
786 3133 901 3180 vivere
915 3146 1023 3196 posse.
1050 3127 1184 3195 delinget

670 3213 728 3248 men
746 3196 815 3261 lebt,
838 3197 912 3249 desto
936 3198 1024 3265 linger
1041 3196 1107 3249 hofft
1125 3212 1184 3250 mon

669 3264 736 3316 noch
753 3265 829 3315 leben
841 3265 892 3316 und
911 3265 993 3331 thitig
1007 3265 1062 3317 sein
1075 3280 1108 3317 zu
1120 3265 1184 3317 hin·

669 3348 727 3384 nen.
757 3331 866 3384 Preilieb
878 3334 926 3398 gift
939 3333 984 3385 das
1002 3348 1049 3384 nur
1060 3348 1113 3384 von
1126 3332 1185 3385 dem

668 3400 1185 3467 rustigenundgeistigregsementlreise,

669 3468 720 3519 wie
739 3468 780 3519 die
798 3468 936 3535 folgenden
953 3467 1058 3520 Worte:
1082 3485 1186 3536 semper

669 3538 739 3586 mim
753 3565 787 3573 -
798 3542 919 3588 senectus
935 3537 1033 3603 zeigen.
1068 3534 1098 3588 lb
1117 3537 1185 3588 dem·

669 3603 757 3655 selben
771 3602 849 3655 Sinne
862 3603 1053 3661 charalrterisirl
1064 3602 1186 3656 Horatius

669 3686 710 3723 ars
732 3676 801 3737 poet.
830 3675 875 3725 172
901 3672 949 3725 den
967 3671 1040 3724 Greis
1064 3670 1106 3723 als
1130 3688 1185 3739 spe

670 3739 799 3802 longus.

706 3809 744 3858 ta.
757 3810 852 3856 sensim
863 3809 922 3857 sine
934 3823 1013 3858 imru
1025 3812 1102 3861 actae
1113 3825 1185 3859 eene-

669 3877 727 3926 sczt.
745 3872 792 3926 Die
801 3873 974 3927 illitteration
985 3879 1029 3941 (ss,
1038 3889 1060 3942 s,
1070 3889 1109 3943 ss,
1119 3893 1140 3942 s,
1149 3878 1187 3942 se)
