2610 4402
346 230 430 283 CATO
448 229 560 289 MAIOR.
592 247 616 287 c.
636 235 661 294 3,
678 232 781 298 58,-
798 249 820 286 c.
838 236 862 297 4,
881 233 897 300 ξ
918 237 955 286 10.
1144 232 1183 291 27
1252 251 1255 258 ’

202 412 230 467 8.
247 402 369 466 laelius.
391 405 452 480 Est,
467 415 501 467 ut
511 406 591 480 dicis,
605 405 690 482 Cato;
706 407 758 468 sed
773 407 896 469 fortasse
911 408 1017 469 dixerit
1031 410 1186 489 quispiam,

116 492 170 555 tibi
185 498 308 572 propter
323 509 394 570 opes
410 499 439 552 et
453 491 553 570 copias
568 499 597 553 et
611 492 782 571 dignitatem
803 500 883 553 tuam
898 493 1126 555 tolerabiliorem
1140 515 1186 556 se-

117 584 268 642 nectutem
281 575 390 648 rideri;
405 576 434 636 id
448 585 547 637 autem
562 595 623 637 non
638 595 724 656 posse
739 576 839 639 multis
853 578 1035 657 contingere.

206 661 283 722 Cato.
316 659 367 722 Est
380 661 457 722 istud
473 662 606 740 quidem,
621 661 717 734 Laeli,
739 662 864 740 aliquid;
887 664 938 723 sed
953 681 1140 742 nequaquam
1154 665 1185 726 in

80 753 97 803 5
118 750 173 811 isto
189 755 260 807 sunt
274 745 386 821 omoia;
409 755 442 807 ut
457 745 668 808 Themistocles
683 748 776 808 sertor
792 747 926 826 Seriphio
947 748 1063 808 cuidam
1078 750 1109 811 in
1123 751 1186 810 iur-

116 835 164 913 gio
180 831 376 911 respondisse,
392 849 460 892 cum
474 831 522 892 ille
533 831 661 905 dixisset,
677 850 739 892 non
754 850 822 892 eum
836 851 888 893 sua
899 832 951 893 sed
965 833 1078 912 patriae
1092 834 1186 914 gloria

117 917 305 998 splendorem
320 925 500 978 assecutum:
531 916 601 990 ,Nec
618 916 763 990 hercule,
779 917 891 996 inquit,
914 917 949 991 ,si
963 936 1018 996 ego
1034 919 1186 999 Seriphius

117 1020 229 1076 essem,
252 1020 308 1063 nec
323 1010 379 1075 tu,
402 1002 426 1061 si
441 1000 642 1075 Atheniensis,
665 1001 763 1062 clarus
785 1019 916 1080 numam
937 1002 1061 1065 luisses‘.
1100 1005 1184 1075 Quod

117 1090 220 1149 eodem
231 1088 319 1148 modo
331 1087 367 1147 de
379 1095 532 1148 senectute
543 1087 600 1147 dici
617 1094 724 1165 potest.
751 1087 812 1147 Nec
830 1086 950 1148 enimin
963 1089 1186 1169 summainopia

70 1173 189 1234 tuleris
212 1191 276 1233 esse
297 1179 435 1233 senectus
457 1180 567 1251 potest,
591 1191 629 1232 ne
651 1171 776 1251 sapienti
799 1172 933 1250 quidem,
956 1190 1012 1233 nec
1035 1173 1186 1252 insipienti

118 1258 205 1318 etiam
225 1258 257 1317 in
279 1274 393 1318 summa
408 1257 493 1335 copia
515 1275 576 1317 non
592 1255 706 1336 gravis>
740 1261 769 1316 0.
792 1257 948 1336 Aptissima
962 1258 1084 1319 omnino
1106 1267 1185 1333 sunt,

118 1342 217 1422 Scipio
233 1350 261 1403 et
271 1341 359 1416 Laeli,
375 1360 455 1402 arma
469 1341 629 1403 senectutis
643 1349 721 1402 artes
736 1341 1020 1420 exercitationesque
1034 1343 1184 1419 virtutum,

117 1445 192 1507 quae
215 1427 343 1488 inomni
365 1434 459 1488 aetate
473 1427 584 1500 cultae,
608 1442 675 1486 cum
690 1426 740 1487 diu
763 1426 946 1505 multumque
959 1427 1079 1498 vixeris,
1103 1429 1185 1489 miri-

115 1514 189 1574 ficos
210 1511 338 1573 efferunt
357 1513 484 1586 fructus,
508 1530 570 1572 non
592 1510 688 1572 solum
703 1511 769 1589 quia
792 1529 954 1589 numquam
969 1511 1122 1588 deserunt,
1147 1533 1184 1573 ne

70 1597 94 1650 15
116 1605 246 1658 extremo
263 1597 382 1676 quidem
403 1605 537 1676 tempore
551 1595 653 1656 aetatis
667 1631 709 1641 -
724 1613 899 1674 quamquam
917 1596 947 1655 id
962 1596 1080 1675 quidem
1094 1598 1185 1658 maxi-

117 1701 197 1743 mum
220 1690 264 1742 est
286 1715 343 1756 -,
371 1682 584 1742 verumetiam
607 1681 674 1760 quia
697 1679 1184 1744 conscientiabeneactae

115 1767 213 1828 vitae
242 1767 523 1845 multorumque
552 1765 647 1827 bene
675 1766 859 1826 factorum
887 1767 1104 1829 recordatio
1127 1769 1185 1829 iu-

116 1851 348 1914 cundissima
363 1859 428 1911 est.

200 1942 248 1996 10.
270 1936 334 2015 Ego
350 1936 493 2006 Quintum
509 1935 680 2008 Maximum,
704 1953 786 2010 eum,
811 1935 862 2014 qui
878 1935 1039 1996 Tarentum
1061 1937 1220 2016 recepit,4

115 2073 147 2120 in
158 2074 252 2120 aetate.
265 2068 624 2136 Einldauptgrundsatz,
674 2067 757 2138 γῆρας
773 2063 842 2134 μετὰ
864 2070 958 2118 πενίας
976 2068 1091 2138 ἐνέγκοι,
1114 2065 1181 2121 οὔθ’

118 2135 624 2203 auiwelchemdieganzenachiolgende
675 2129 745 2220 ὁμῇ
766 2131 884 2215 ἐπιεικὴς
904 2131 1055 2200 aimaricus
1077 2133 1185 2190 εὔκολός

116 2204 288 2271 Abhandlung
304 2205 371 2256 ruht.
676 2219 730 2255 ποτ
761 2223 795 2254 αν
813 2202 902 2268 ἑαυτῷ
921 2205 1034 2274 γένοιτο.
1064 2204 1112 2256 Um
1130 2207 1185 2258 sich

151 2275 176 2324 2.
190 2288 257 2338 opes,
270 2272 311 2324 die
322 2271 414 2337 illinet,
427 2273 482 2324 sich
492 2272 527 2324 im
537 2271 625 2324 Staate
676 2271 887 2333 auszuaeichnen‚
907 2272 941 2322 ist
960 2272 1088 2325 zweierlei
1106 2274 1185 2326 erior-

118 2340 222 2406 geltend
239 2357 270 2392 zu
281 2342 394 2402 machon,
415 2340 474 2402 „der
490 2341 625 2407 politische
676 2339 786 2392 derlich:
810 2338 974 2406 Trichtigheit
992 2339 1043 2392 und
1061 2341 1184 2407 Gelegen·

115 2408 253 2472 Einiluss“‚
266 2408 624 2474 copiae,Wohlbabenbeit“.
675 2407 743 2468 heit,
769 2406 810 2458 die
834 2405 999 2473 Tdchtiqheit
1025 2408 1128 2473 geltend
1153 2425 1185 2460 zu

151 2475 424 2541 dagoitna„llnsehen
441 2476 483 2527 bei
498 2474 625 2527 denbien-
675 2475 791 2527 macheu.
818 2473 853 2526 So
871 2479 975 2540 genirgt
993 2489 1036 2526 um
1054 2475 1095 2528 die
1104 2475 1185 2528 Uebel

116 2544 223 2604 schen“;
242 2543 353 2596 seltener
364 2543 491 2608 subjectis
500 2543 541 2595 die
550 2543 625 2595 war·
676 2541 723 2594 des
732 2541 957 2594 Greisenalterszu
972 2545 1097 2609 ertragm,
1115 2545 1185 2597 nicht

118 2611 225 2677 digkeit.
677 2609 718 2661 die
742 2609 867 2661 Weisheit
893 2609 978 2662 allein.
1022 2610 1186 2664 Drdchender

151 2683 174 2732 4.
193 2684 232 2730 eat
248 2708 283 2719 -
300 2679 416 2746 aliquid,
440 2678 485 2730 das
503 2679 537 2730 ist
554 2677 625 2729 wohl
676 2676 778 2744 Mangel
801 2677 886 2729 macht
910 2678 974 2730 auch
1000 2678 1057 2731 dem
1081 2680 1185 2733 Weisen

117 2746 237 2812 Eluas,
253 2747 448 2814 derGegensatz
459 2748 524 2813 liegt
535 2746 625 2798 innon
677 2746 722 2798 das
740 2745 910 2798 Greisenalter
927 2747 1040 2810 schwer,
1064 2749 1113 2800 wie
1130 2765 1185 2800 um-

116 2818 215 2866 omnia.
249 2814 308 2880 Vgl.
326 2815 421 2867 Plato’s
439 2814 511 2867 Staat
530 2817 579 2868 239
590 2814 622 2866 E:
674 2814 784 2879 gehehrt
794 2814 839 2866 der
853 2814 959 2866 hochste
969 2813 1117 2869 Ueberiluss
1135 2817 1184 2870 den

117 2879 223 2949 Ιὲγουσι
239 2885 289 2947 μέν
301 2900 337 2948 τι,
354 2875 385 2933 οὗ
401 2883 495 2948 μέντοι
511 2900 542 2952 ya
558 2874 625 2933 ὅσον
676 2881 814 2934 Unweisen
829 2882 899 2933 nicht
907 2898 954 2934 vor
964 2882 1007 2934 der
1016 2883 1185 2951 Belbstigung

116 2950 230 3002 οἴονται.
304 2980 307 2987 ·
675 2950 721 3002 des
738 2949 922 3002 Greisenalters
940 2949 1049 3003 schiatzt.

151 3023 174 3071 b.
193 3018 326 3083 Seriphio,
344 3033 391 3069 aus
409 3015 538 3084 Seriphos,
556 3018 626 3069 einer
712 3019 750 3069 12.
769 3033 845 3068 arma
861 3020 1011 3068 senectuto.
1026 3017 1127 3071 Wah'en
1136 3018 1182 3071 des

117 3085 161 3137 der
178 3085 458 3154 cycladischenlnseln.
485 3084 531 3136 Die
541 3083 625 3137 Aneh-
677 3084 860 3137 Greisenalters
877 3099 960 3151 gegen
977 3084 1019 3136 die
1036 3085 1184 3138 Bescbwer-

117 3154 178 3206 dote
195 3155 229 3204 ist
247 3168 292 3205 aus
309 3152 406 3205 Plato's
424 3153 498 3205 Staat
512 3153 530 3216 1,
541 3153 625 3206 329Ε.
677 3153 726 3205 den
750 3152 902 3220 desselben.=
927 3151 985 3218 vgl.
1004 3168 1025 3204 c.
1047 3157 1089 3218 11,
1108 3154 1124 3221 ὅ
1144 3158 1184 3208 35.

117 3219 212 3274 33ΟΑ;
247 3219 280 3272 τὸ
301 3221 349 3272 τοῦ
369 3207 626 3287 Θεμιστοκλέουεεῦ
714 3224 752 3274 13.
767 3221 1052 3287 motumquevteeriq
1071 3222 1184 3283 „einrei-

116 3292 170 3352 ἔχει
188 3283 216 3339 36
233 3289 274 3354 τῷ
289 3291 410 3358 Σεριφίῳ
429 3285 624 3362 leodopovpe'vqr
677 3290 738 3341 ches
756 3289 841 3341 Leben
860 3289 976 3341 slibren“.

116 3354 287 3440 nali-ipone,
304 3350 391 3408 ὅτιού
405 3352 445 3407 δι’
465 3351 547 3408 αὑτὸν
558 3352 626 3408 ἀλλὰ
714 3360 751 3408 19.
777 3358 806 3421 Q.
824 3358 946 3419 (Fadius)
967 3354 1102 3407 Maoeimus
1120 3357 1185 3409 Ver·

116 3420 162 3475 dul
177 3443 229 3490 την
246 3421 329 3477 πόλιν
346 3420 494 3490 εὐδοκιμοῖ,
517 3417 625 3493 dunaal·
675 3441 796 3490 moesus,
813 3439 904 3490 wegen
919 3423 1185 3492 seinesvorsichtigen

116 3509 192 3556 νατο,
211 3484 254 3542 ἱ’τι
271 3489 331 3544 οὔτ’
350 3485 385 3544 ἂν
403 3489 484 3544 αὐτὸς
499 3494 625 3562 Σερίφιος
676 3492 867 3544 Widerstandes
893 3505 976 3556 gesen
998 3490 1124 3544 Hannibal
1150 3495 1184 3545 im

117 3554 158 3612 aie
168 3555 317 3624 ὀνομαστὸς
326 3560 439 3630 ἐγένετο,
454 3555 515 3613 οὔτ’
526 3562 625 3612 ἐκεῖνος
675 3559 698 3611 J.
709 3563 757 3613 217
769 3560 905 3611 Cunctator
920 3564 1040 3624 genennt.
1068 3560 1093 3612 S.
1104 3567 1184 3613 unten

116 3623 269 3693 Ἀθηναῖοι
674 3629 708 3692 (c.
726 3631 750 3681 4.
769 3626 785 3693 0
807 3629 846 3686 101
868 3626 917 3678 den
936 3626 998 3679 Vers
1016 3627 1061 3680 des
1079 3629 1182 3683 Ennius.

151 3699 174 3748 9.
184 3713 233 3748 nec
250 3698 322 3746 eodm
331 3698 360 3746 in
368 3712 472 3747 mmma
489 3699 625 3763 inopia-
710 3699 758 3761 qui
777 3693 921 3745 Tarentum
943 3700 1051 3761 recepit.
1086 3694 1115 3748 Τ.
1134 3701 1183 3749 ’212

116 3780 171 3814 non
195 3767 297 3830 grauia.
341 3762 413 3815 Nach
435 3763 529 3817 Plato's
552 3763 625 3815 Staat
675 3778 727 3815 von
753 3761 877 3813 Hannibal
903 3778 1068 3829 genommen‚
1095 3764 1184 3816 warde

117 3835 167 3884 330
185 3833 223 3882 Α;
257 3827 319 3883 οὔτ’
344 3823 379 3882 ἂν
401 3825 417 3882 ὁ
438 3827 556 3896 ἐπιεικὴς
572 3831 625 3894 (bei
675 3845 726 3882 von
739 3829 831 3882 Fabius
843 3827 968 3882 Maximus
987 3830 1184 3883 wiedererobert

116 3899 204 3952 Cicero
229 3902 345 3966 sapione)
368 3893 441 3950 πάνυ
466 3917 494 3951 τι
524 3895 625 3969 ῥᾳδίως
676 3901 733 3950 209.
768 3899 822 3950 Lis.
840 3898 938 3964 XXVII,
960 3902 997 3951 15.
1018 3902 1056 3951 16.
