2610 4402
164 244 205 306 58
334 270 338 280 ·
459 244 545 299 carc
563 243 675 297 maron.
711 260 733 296 o.
754 248 793 307 15,
812 244 829 311 ς
848 245 889 297 aa.
907 245 948 296 ca.

168 421 260 494 nium,
276 438 351 498 quae
366 428 549 497 generantur
564 437 580 478 e
595 426 683 490 terra,
701 435 775 495 quae
791 434 827 476 ex
841 415 889 477 lici
904 414 1019 477 tantulo
1033 432 1128 493 grano
1142 423 1194 476 aut
1208 434 1245 476 ex

166 504 241 565 acini
258 503 379 565 vinaceo
395 512 445 564 aut
460 523 496 564 ex
518 511 683 563 ceterarum
698 502 818 579 frugum
834 520 867 562 ac
882 500 1019 580 stirpium
1040 499 1245 561 minutissimis

166 589 329 652 seminibus
350 597 449 649 tantos
464 597 587 648 truncos
602 605 760 665 ramosque
775 595 927 665 procreet;
949 583 1092 658 malleoli,
1115 585 1243 664 plantae,

166 683 323 748 sarmenta,
338 673 517 745 viviradices,
533 673 722 751 propagines,
739 690 842 731 nonne
855 690 889 731 ea
904 670 1048 745 efficiunt,
1063 677 1096 729 ut
1111 669 1244 748 quemvis

165 778 234 820 cunt
257 757 449 819 admiratione
472 755 642 817 delectent?
663 756 737 818 Vitis
753 757 885 834 quidem,
909 774 984 834 quac
1008 762 1114 815 natura
1134 755 1245 815 caduca
1264 763 1278 812 5

166 853 219 917 est,
235 851 273 917 et,
290 842 347 904 nisi
362 842 434 902 lulta
450 850 502 917 est,
518 840 554 901 ad
569 850 679 901 terram
694 841 798 915 lertnr,
814 841 924 913 eadem,
940 848 974 899 nt
987 858 1019 900 se
1033 838 1135 920 erigat,
1155 838 1243 900 clari-

166 929 239 990 cnlis
254 927 316 989 suis
332 928 413 1005 quasi
429 926 575 1000 manibus,
592 926 733 1004 quidquid
750 933 794 986 est
809 934 904 1000 nacta,
920 923 1139 1002 complectitur;
1155 942 1244 1004 quam

166 1020 336 1092 serpentem
356 1011 512 1090 multiplici
534 1011 619 1088 lapsu
643 1019 672 1070 et
694 1010 819 1070 erratico
842 1011 921 1070 lerro
945 1017 1100 1088 amputans
1125 1013 1246 1070 coercet

166 1117 214 1159 ars
229 1097 441 1176 agricolarum,
458 1115 495 1156 ne
510 1096 644 1157 silvescat
658 1095 815 1156 sarmentis
829 1103 859 1154 et
874 1095 904 1154 in
921 1112 1025 1154 ornnes
1039 1101 1138 1172 partes
1153 1093 1244 1154 nimia

165 1183 316 1242 fundatur.
346 1185 393 1242 53.
405 1181 507 1258 ltaque
520 1179 643 1240 ineunte
654 1197 722 1240 vere
732 1179 763 1240 in
776 1180 827 1254 eis,
840 1198 915 1258 quae
927 1179 1028 1239 relicta
1039 1185 1118 1253 sunt,
1130 1178 1245 1239 exsistit
1265 1185 1290 1238 to

116 1286 118 1289 ·
164 1276 305 1345 tanquam
317 1265 352 1325 ad
365 1265 504 1326 articulos
519 1271 735 1326 sarmentorum
747 1283 789 1340 ea,
806 1282 881 1343 qnae
893 1281 1007 1343 gemma
1019 1262 1140 1338 dicitur;
1156 1280 1243 1341 a-qua

166 1351 266 1412 oriens
280 1368 335 1410 uva
350 1368 382 1411 se
397 1350 541 1424 ostendit,
564 1367 640 1428 quae
655 1357 685 1409 et
698 1369 769 1410 suco
784 1358 882 1409 terrac
897 1357 926 1410 et
947 1348 1045 1408 calore
1066 1347 1137 1409 selis
1151 1364 1244 1427 auge·

165 1455 252 1497 scens
266 1435 363 1514 primo
376 1443 420 1496 est
433 1434 594 1513 peracerba
606 1442 734 1512 gustatu,
749 1434 856 1495 deinde
871 1441 1013 1494 maturata
1026 1431 1178 1506 dulcescit,
1193 1450 1243 1492 ve-

97 1528 99 1535 ‘
165 1520 292 1599 stitaque
304 1519 453 1600 pampinis
483 1537 538 1580 nec
553 1519 669 1579 modico
684 1527 787 1598 tepore
803 1526 884 1579 caret
894 1526 924 1578 et
935 1518 1042 1578 nimios
1054 1517 1124 1578 solis
1137 1516 1243 1578 delen-

165 1604 207 1666 dit
229 1606 359 1666 ardores.
390 1605 454 1675 Qua
470 1604 538 1683 quid
562 1611 739 1683 potestesse
760 1622 828 1664 cum
850 1604 950 1663 fructu
964 1601 1083 1677 laetius,
1105 1610 1171 1662 tum
1193 1601 1245 1662 ad·
1265 1610 1290 1661 1⁵

165 1698 269 1769 spectu
284 1686 460 1769 pulchrius?
482 1688 571 1749 Cuius
595 1687 713 1766 quidem
729 1707 791 1749 non
806 1688 916 1748 utilitas
930 1706 978 1748 me
992 1687 1103 1760 solum,
1126 1695 1244 1747 utente

200 1874 223 1924 3.
241 1871 371 1936 malleoli,
393 1871 462 1922 belm
485 1869 613 1922 Wcinban
637 1869 678 1922 die
730 1871 950 1933 contractandae
967 1870 1132 1920 monadica.
1175 1886 1178 1891 ·

165 1939 283 1991 F‘achser.
302 1938 442 1990 Columella
458 1939 498 2004 Ill,
516 1941 545 1990 6:
571 1938 679 1990 Malleo-
726 1996 728 2001 ,
760 1942 934 2005 propagines,
953 1936 1059 2003 Senker,
1076 1936 1119 1989 die
1133 1937 1183 1988 Art
1198 1937 1244 1988 der

166 2008 208 2057 las
224 2012 314 2058 autem
331 2007 451 2058 nocellm
468 2007 680 2072 eetpalmes,in-
729 2003 1245 2073 Fortpllanaung,bciwelcherderllnt·
1278 2050 1282 2058 .

165 2079 245 2125 nanas
253 2077 435 2139 preordsanm'
446 2075 563 2140 flagello,
582 2090 681 2139 cogno·
730 2074 845 2126 terstoek
873 2075 944 2126 nicht
974 2073 1095 2137 velent,
1119 2072 1243 2125 sondern

164 2144 360 2207 minutasquea
369 2143 681 2208 streilitadinerei,qaod
729 2158 782 2194 von
794 2141 852 2193 dem
863 2141 1048 2194 lllutterstocke
1063 2156 1110 2192 aus
1127 2140 1244 2193 einzelne

165 2213 195 2258 in
222 2225 252 2258 ea
275 2212 363 2274 parte,
390 2225 458 2274 qaae
485 2210 618 2261 deciditur
645 2226 680 2261 ec
731 2209 836 2276 Zweige
859 2209 885 2259 in
909 2209 950 2261 dic
968 2207 1033 2260 Erde
1054 2207 1162 2275 geleitet
1178 2223 1245 2260 trer-

165 2281 251 2327 oetere
267 2281 403 2327 sarmento
413 2279 571 2342 prominens
587 2279 682 2328 atrim·
732 2277 790 2341 den,
811 2292 855 2329 um
872 2276 898 2327 in
914 2276 955 2328 ihr
972 2276 1158 2343 selbstetindig
1168 2274 1243 2328 Wun

167 2343 680 2411 que‚malleoli(Hammerehenlapeoiem
731 2346 771 2398 zcl
797 2361 830 2398 zu
857 2343 963 2396 treihen.
996 2343 1056 2395 litei
1081 2343 1161 2396 Arten
1189 2343 1244 2396 der-

161 2415 281 2478 praebet.
709 2412 820 2465 -eelben
845 2411 916 2477 gicht
933 2411 1072 2464 Columella
1098 2411 1130 2463 de
1148 2411 1244 2464 arbori-

195 2481 316 2546 plantaa
335 2477 472 2545 Setzlinge.
499 2479 574 2545 Verg.
587 2479 679 2545 Georg.
730 2481 779 2532 bus
804 2496 825 2533 c.
844 2478 889 2531 vn
906 2495 946 2533 an.
981 2479 1039 2545 Vgl.
1056 2477 1132 2545 Verg.
1151 2478 1244 2545 Georg.

165 2547 193 2612 ll,
211 2551 256 2600 23:
275 2548 322 2597 Hie
335 2547 447 2613 plantae
469 2553 558 2599 tenero
576 2550 680 2599 adscire·
729 2547 757 2611 ll,
777 2551 823 2600 26:
844 2547 1033 2615 Silvarumque
1052 2546 1124 2598 altae
1136 2563 1244 2615 praem

166 2617 230 2666 dene
260 2616 293 2665 de
322 2631 434 2680 corpore
461 2621 578 2676 matram
608 2619 678 2678 (vom
728 2618 890 2683 propaginis
906 2631 987 2666 arm
1003 2616 1178 2680 depectant.

165 2681 410 2746 llutterstammc)
431 2683 562 2748 Depomit
576 2682 667 2734 culeis.
764 2687 788 2737 8.
806 2684 1243 2750 quamtott.)aerpentem-laper

165 2794 170 2803 .
199 2748 678 2816 tramenta,Reiser,jungeZweige,
729 2779 763 2789 —
787 2754 913 2813 erratico,
944 2750 1012 2811 „und
1039 2765 1116 2802 wenn
1138 2766 1167 2802 er
1188 2751 1243 2804 sich

165 2814 264 2866 welche
273 2830 332 2866 vorn
343 2815 439 2866 Baume
452 2817 612 2882 geschnitten
625 2818 677 2870 und
729 2818 919 2884 hinselilangelt
934 2819 961 2869 in
976 2818 1128 2885 regellosem
1138 2818 1242 2871 Laule“.

165 2882 210 2935 der
225 2881 291 2934 Erde
308 2882 404 2935 wieder
428 2889 585 2950 anvertraut,
609 2885 633 2937 d.
652 2886 677 2938 h.
763 2889 788 2938 9.
806 2902 839 2937 ne
860 2887 984 2937 silvescat
1002 2888 1158 2949 sarmentis,
1183 2885 1242 2947 ,da-

164 2951 328 3003 anderw'arts·
344 2951 474 3018 gepflanzt
492 2952 606 3013 werden;
630 2969 678 3005 nur
729 2955 776 3006 mit
805 2955 876 3006 seine
901 2953 990 3007 Reiser
1015 2954 1086 3006 nicht
1111 2954 1153 3007 ins
1178 2952 1243 3007 llolz

164 3019 276 3071 dadnrch
289 3019 547 3072 unterschiedcnvon
559 3022 677 3088 plantae,
730 3023 839 3088 genem.
1113 3030 1117 3035 '

164 3087 223 3139 dass
241 3086 311 3139 disse
324 3086 435 3154 Ableger
450 3103 503 3138 von
521 3088 578 3141 dem
597 3088 677 3140 sehon
765 3094 804 3142 11.
832 3092 938 3154 existit,
967 3088 1037 3149 „tritt
1062 3088 1182 3156 herror“,
1210 3105 1243 3142 zu

163 3155 598 3220 herangewachsencnBaume,und
607 3155 678 3208 nicht
729 3157 925 3210 unterschciden
937 3172 989 3208 von
1002 3161 1096 3208 certat.
1108 3155 1168 3224 Vgl.
1182 3172 1243 3208 eon·

164 3223 215 3274 wie
232 3222 273 3274 die
287 3223 401 3289 plantae
424 3238 484 3274 vom
503 3221 616 3275 Stamme
633 3224 679 3275 der
728 3228 821 3275 sistere
838 3241 859 3276 c.
883 3228 921 3289 12,
940 3224 957 3290 ᾗ
975 3227 1016 3276 dl.
1036 3240 1057 3277 e.
1075 3226 1118 3290 20,
1136 3226 1153 3290 3
1173 3228 1214 3279 74.

164 3288 267 3354 Mutter,
294 3290 404 3342 sondern
434 3306 485 3341 von
509 3289 557 3342 den
582 3290 677 3344 Aeeten
762 3293 800 3343 od
817 3293 954 3356 articulos,
971 3291 1013 3344 dic
1031 3291 1154 3344 Gelenlre.
1184 3291 1243 3360 Vgl.

165 3356 226 3407 oder
238 3357 359 3424 Zwelgen
371 3358 506 3411 derselben
525 3373 676 3426 genommen
729 3360 746 3426 ξ
764 3364 810 3412 51:
830 3361 931 3412 melmae
948 3361 1128 3424 geniculatus.

165 3422 275 3474 werden.
763 3444 803 3492 aa,
827 3445 895 3496 quae
915 3443 1023 3493 gemma
1046 3429 1155 3490 dicitur,
1182 3427 1244 3490 „das

198 3492 371 3556 viviradices,
405 3493 517 3561 Ableger
552 3495 599 3546 mit
632 3494 677 3546 der
729 3501 887 3563 segerannte
904 3496 1004 3561 Auget

165 3556 276 3610 Wurzel.
296 3559 436 3612 Columella
445 3562 483 3628 lll,
496 3567 538 3614 tt:
557 3562 678 3614 Sationis
765 3568 803 3617 14.
822 3581 872 3616 nee
894 3592 928 3603 -
951 3569 985 3628 et,
1012 3563 1146 3616 elnenseits
1171 3563 1244 3616 nieht

165 3631 254 3676 autem
277 3627 330 3678 duo
347 3633 411 3678 eant
428 3644 539 3695 genera,
559 3631 678 3682 malleoli
728 3658 761 3669 -—
780 3631 958 3684 andererseits.

164 3694 208 3744 cel
223 3695 389 3759 waradien,
407 3698 479 3760 quod
489 3704 633 3765 ulnamque
644 3701 677 3748 ab
765 3703 803 3751 15,
829 3700 923 3760 fracta
948 3727 984 3736 -
1010 3698 1143 3764 adspectu,
1169 3702 1245 3751 sonet

165 3763 294 3828 agracolie
310 3767 467 3829 opipator,
485 3771 511 3815 et
525 3769 555 3816 in
566 3770 677 3833 proclo·
729 3767 794 3818 auch
818 3766 859 3818 die
877 3765 1042 3832 Prlipcsition
1063 3765 1100 3816 ad
1115 3770 1181 3817 stult
1197 3766 1245 3818 des

164 3834 213 3881 eiu
229 3833 317 3897 magle
332 3829 460 3881 malleoli.
494 3832 590 3898 Nepae:
607 3838 677 3886 araim
727 3834 853 3887 Ablativs.
889 3833 947 3900 vgr.
972 3849 994 3884 c.
1015 3837 1054 3895 16,
1080 3833 1097 3899 ᾖ
1122 3837 1168 3885 57:
1194 3846 1245 3886 nec

162 3901 316 3951 seminariis
331 3897 454 3963 student·
471 3913 519 3949 nec
535 3916 613 3951 anem
631 3905 677 3953 lta·
727 3918 778 3953 mu
794 3904 906 3953 ubertus
921 3917 972 3952 nac
988 3903 1075 3966 specie
1090 3902 1225 3955 malian.
