2610 4402
268 239 353 293 CATO
371 239 482 293 umen.
518 257 539 293 c.
560 240 776 306 l3,§45·-e.
798 242 930 308 ll,§lh.
1050 273 1051 276 ¹
1094 239 1135 300 53

56 422 120 473 tum
136 413 385 491 compotationem
399 422 462 473 tum
478 413 724 473 concenationem
737 423 859 486 vocant,
882 422 930 487 ut,
954 415 1033 491 quod
1052 415 1083 475 in
1101 435 1136 476 eo

58 516 169 576 genere
185 497 340 557 minimum
356 508 409 572 est,
426 497 454 557 id
470 497 594 562 maxime
610 496 738 575 probare
752 497 916 558 videantur.
982 520 984 530 ’

143 586 192 642 46.
219 581 282 661 Ego
303 600 374 642 vero
396 591 519 661 propter
540 578 686 643 sermonis
708 581 936 643 delectationem
956 583 1135 662 tempestivis
1151 588 1186 645 14

59 686 178 746 quoque
193 667 333 727 conviviis
348 666 492 740 delector,
509 685 565 726 nec
581 685 649 727 cum
664 665 836 745 aequalibus
850 668 961 742 solum,
984 668 1035 746 qui
1049 669 1135 747 pauci

19 763 34 812 5
56 751 214 811 admodum
229 759 354 826 restant,
377 752 429 812 sed
451 771 520 811 cum
534 760 630 812 vestra
645 751 731 811 etiam
753 760 847 812 aetate
862 762 950 830 atque
966 752 1134 828 vobiscum3

58 836 214 914 habeoque
228 837 374 897 senectuti
387 854 525 916 magnam
532 836 678 914 gratiam,
703 837 864 914 quaemihi
880 838 1026 898 sermonis
1045 838 1135 899 avidi·

57 930 147 982 tatem
169 921 265 995 auxit,
288 921 419 1000 potionis
435 929 464 980 et
484 920 542 981 eibi
563 921 691 982 sustulit.
721 921 807 991 Quod
823 921 848 981 si
870 941 959 1000 quern
981 923 1068 983 etiam
1081 922 1136 984 ista

58 1005 205 1066 delectant
220 1010 270 1080 (ne
287 1006 409 1067 omnino
423 1005 534 1066 bellum
547 1006 688 1067 indixisse
703 1005 803 1066 videar
817 1005 974 1084 voluptati,
993 1007 1077 1068 cuius
1092 1018 1136 1068 est

57 1091 181 1150 sortasse
197 1089 316 1169 quidam
331 1091 473 1151 naturalis
488 1091 621 1166 modus),
640 1110 702 1150 non
718 1090 873 1170 intellego,
890 1111 929 1151 ne
945 1092 975 1150 in
991 1091 1054 1152 istis
1069 1092 1135 1170 qui-

10 1184 35 1234 10
57 1174 124 1235 dem
136 1175 208 1253 ipsis
223 1174 431 1253 voluptatibus,
447 1194 548 1237 carere
563 1194 654 1237 sensu
668 1184 862 1236 senectutem.
893 1176 939 1236 Me
952 1195 1022 1236 vero
1034 1184 1063 1236 et
1074 1195 1136 1237 ma-

58 1259 178 1338 gisteria
192 1259 340 1320 delectant
354 1259 544 1321 amaiorihus
558 1260 692 1321 instituta
704 1269 733 1320 et
743 1260 769 1320 is
784 1278 891 1333 sermo,
907 1261 958 1338 qui
974 1280 1056 1321 more
1073 1280 1136 1321 ma-

59 1344 156 1404 iorum
175 1362 191 1403 3
204 1362 319 1404 summo
331 1344 488 1406 adhibetur
498 1346 528 1406 in
541 1344 659 1424 poculo,
675 1354 705 1405 et
716 1344 833 1422 poeula,
848 1346 925 1406 sieut
937 1347 968 1407 in
981 1345 1135 1426 Symposio

58 1427 265 1506 Xenophontis
276 1437 329 1504 est,
344 1430 458 1490 minuta
474 1440 562 1509 atque
577 1429 717 1502 rorantia,
734 1425 776 1512 [et
787 1429 971 1508 refrigeratio
986 1439 1094 1491 aestate
1108 1440 1137 1491 et

57 1513 195 1584 vicissim,
208 1521 258 1573 aut
273 1514 317 1574 sol
332 1524 383 1574 aut
397 1514 475 1591 ignis
496 1509 663 1596 hibernus].
693 1513 774 1584 Quae
797 1514 917 1593 quidem
934 1514 1020 1574 etiam
1036 1515 1066 1575 in
1084 1515 1137 1575 Sa-

95 1667 117 1714 1.
136 1667 365 1728 compotationcrn,
383 1658 545 1730 συμπόσιον.
622 1661 699 1714 Wabl
725 1663 836 1728 geschah
867 1663 1030 1728 geudhnlieh
1057 1664 1136 1715 durch

94 1732 320 1795 concertationem,
338 1726 511 1784 σύνδειπνον.
623 1730 664 1781 die
681 1730 789 1781 Wrirfel.

93 1798 166 1863 qnod
190 1801 219 1847 in
246 1815 275 1849 33
296 1815 397 1863 genere
419 1800 571 1862 („hierhei“)
660 1801 697 1851 12.
722 1815 738 1848 α
759 1813 875 1862 summo,
899 1814 966 1859 „von
989 1798 1056 1850 oben
1078 1805 1136 1852 ou“.

57 1867 198 1916 minimum
216 1871 268 1931 cat,
293 1867 403 1918 damlich
421 1867 503 1919 Essen
521 1867 572 1919 und
620 1865 672 1917 Das
698 1865 846 1917 Trichnium
873 1866 980 1917 hestand
1010 1881 1056 1918 aus
1082 1865 1135 1919 drei

58 1932 180 1986 Trinken.
622 1933 1135 2001 huleisenldrmigausgestelltenSophas

93 2003 116 2052 2.
130 2003 417 2067 tenpestivcconcim’a
430 2001 487 2053 sind
499 2001 573 2052 (1331-
622 2001 717 2065 (nent,
740 2000 781 2052 die
798 2016 850 2051 von
873 1999 941 2052 linhs
965 2002 1029 2052 noch
1051 2001 1136 2053 rechts

58 2068 146 2133 maler,
158 2069 257 2120 welche
265 2084 312 2120 vor
321 2068 365 2120 der
374 2069 572 2134 gewohnlichen
624 2068 761 2133 gereehnet
777 2083 909 2132 semmua,
929 2069 1043 2131 medius,
1067 2072 1136 2119 imus

57 2135 114 2187 neit
131 2139 210 2198 (etwa
229 2136 306 2188 3Uhr
322 2135 510 2203 Nachmittags)
528 2138 572 2188 be-
624 2135 734 2198 hiessen,
749 2135 824 2200 jedes
838 2134 926 2202 Sopha
943 2152 976 2188 zu
993 2135 1136 2201 3Plitzen‚

57 2204 154 2270 ginrmn
175 2204 331 2266 (concredo
348 2205 400 2268 die)
424 2205 486 2257 oder
509 2204 572 2256 hbet
623 2203 749 2255 cheulalls
770 2219 902 2270 remmus,
928 2204 1044 2270 medius,
1067 2208 1138 2255 inrue

57 2271 99 2323 die
112 2271 291 2336 gewdhnhche
303 2271 359 2323 Zeit
375 2272 416 2324 his
428 2272 477 2324 ties
491 2273 518 2323 in
531 2272 572 2323 die
624 2275 743 2338 genennt.
772 2272 812 2322 Au
830 2287 934 2324 unserer
947 2271 1028 2324 Stelle
1045 2272 1080 2324 ist
1092 2273 1137 2324 der

56 2338 149 2403 Necht,
157 2340 185 2404 jn
195 2339 235 2391 bis
244 2354 301 2391 zum
311 2338 418 2406 Morgen
426 2341 572 2406 verlingert
622 2355 740 2390 summer
748 2339 793 2391 der
802 2341 930 2392 dusserste
938 2338 1012 2391 Platz
1023 2341 1068 2391 aul
1078 2339 1136 2390 dem

57 2406 162 2465 werden
174 2407 280 2471 (cenare
291 2411 320 2457 in
336 2407 439 2473 lucem),
457 2408 519 2460 oder
530 2407 571 2459 bei
623 2407 706 2457 lectus
723 2422 848 2471 summer,
866 2407 911 2458 der
921 2422 992 2458 zwar
1009 2408 1080 2458 nieht
1092 2407 1137 2458 der

57 2475 177 2526 welchen
194 2473 288 2526 Beides
305 2473 350 2526 der
367 2474 422 2526 Fall
440 2476 482 2528 ist.
623 2478 699 2538 crete,
717 2473 779 2525 aber
796 2473 841 2526 der
858 2473 924 2525 Eek·
940 2473 993 2525 und
1010 2475 1136 2541 Endpletz

92 2546 118 2598 4.
137 2544 185 2608 qni
197 2545 284 2608 ponci
300 2543 444 2594 admodum
461 2547 572 2608 restant,
623 2541 668 2594 des
695 2556 793 2607 ganzen
820 2538 983 2593 Γ1331131333
1010 2543 1058 2607 ist,
1085 2557 1137 2594 von

57 2611 106 2662 wir
124 2624 204 2675 sagea
221 2609 320 2662 minden
338 2626 434 2677 genau3
454 2611 572 2672 „deren
624 2609 748 2662 welchem
773 2624 820 2660 333
838 2608 883 2660 der
900 2609 1073 2676 Rundgesang
1093 2610 1137 2662 be·

56 2678 161 2744 wenige
179 2678 253 2745 dhrig
271 2678 353 2731 sind“.
622 2692 699 2744 genn.
733 2676 783 2729 Der
800 2676 954 2744 Ehrenplatz
972 2678 1017 2730 der
1038 2693 1136 2744 genuen

92 2753 116 2799 b.
127 2763 195 2812 pecc
204 2747 488 2798 —ancit—nntnh't.
500 2746 572 2798 Noeh
623 2745 696 2798 Talel
714 2760 768 2796 war
780 2744 825 2798 der
841 2748 912 2796 imm
929 2745 975 2797 331
985 2746 1043 2799 dem
1055 2747 1139 2797 lectus

57 2814 155 2867 Plato's
173 2813 247 2866 Stant
262 2814 280 2879 l,
298 2831 323 2880 p.
342 2813 436 2867 328D:
453 2801 482 2865 cri
499 2813 570 2876 ἴσθι,
621 2814 731 2864 modim.

57 2876 101 2934 ‘o'nc
119 2883 217 2967 ἔμσιῖε,
236 2874 302 2933 ὅσον
314 2879 344 2932 αἱ
360 2879 430 2932 κατὰ
446 2878 478 2932 τὸ
491 2882 572 2948 σῶμα
656 2884 686 2931 in
700 2881 808 2947 poculo,
826 2880 874 2930 wir
893 2880 977 2940 „heim
995 2880 1096 2932 Glose“.

57 2945 156 3015 ἡδοναὶ
172 2953 422 3018 απομαρσινονται,
439 2949 571 3000 τοσοῦτον
654 2948 752 3013 poculo
785 2976 811 2984 —
844 2950 981 3010 rorantia,
1018 2947 1137 2998 wdrtlich

58 3015 190 3080 αὔξονται
208 3015 237 3068 αἱ
251 3019 313 3098 περὶ
330 3012 393 3068 rode
405 3012 497 3087 λόγους
513 3017 570 3068 ἐπι·
624 3013 955 3078 „thautrdulelnde“,
979 3013 1003 3065 d.
1025 3015 1042 3066 i.
1067 3015 1139 3066 nieht

58 3086 161 3152 θνμίαι
178 3105 209 3137 τι
226 3087 271 3136 καὶ
289 3080 393 3149 adonai.
625 3081 817 3144 „schdumende
851 3080 988 3147 Becher“,
1027 3082 1137 3134 sondern

93 3159 117 3205 8.
147 3153 291 3218 voluptati,
320 3153 392 3204 nicht
419 3149 573 3216 „Wollust“,
625 3155 680 3212 „tre
699 3149 823 3201 lcnweise
842 3148 1001 3215 getrunkene
1014 3149 1137 3216 Becher“,

58 3221 184 3274 sondern:
204 3219 436 3286 „Sinnengenuss“.
623 3219 662 3270 im.
676 3166 836 3284 degeneratae
861 3232 894 3267 33
918 3216 976 3274 dem
1000 3216 1026 3268 in
1050 3218 1135 3270 vollen

93 3291 171 3340 enim
182 3292 221 3338 cet
238 3287 354 3348 fortasse
366 3305 391 3354 q.
402 3292 458 3338 nat.
470 3287 573 3351 modus,
624 3286 711 3352 ngeu
730 3284 907 3351 getrunkenen
924 3283 1023 3337 Weine.

61 3373 128 3421 „ron
146 3356 205 3408 dem
223 3355 355 3408 vielleieht
372 3355 414 3407 die
431 3353 513 3406 Nator
530 3355 571 3406 ein
656 3355 728 3406 sicut
748 3357 778 3404 ln
795 3353 937 3436 Symposio
954 3352 1139 3418 Xenophontis

59 3421 508 3493 gewissesblaassgestattet“‚d.i.
522 3421 572 3474 den
623 3426 670 3472 est.
704 3420 731 3485 ll,
750 3424 796 3473 26:
834 3422 913 3471 θντω
939 3414 971 3470 dd
996 3424 1041 3471 nat
1064 3415 1137 3488 ἡμεῖς
1176 3483 1179 3487 ,

59 3509 118 3545 man
136 3492 190 3544 sich
208 3492 274 3543 nach
286 3490 344 3544 dem
357 3490 452 3542 Willen
466 3488 572 3542 derNa-
624 3482 657 3554 ἢν
672 3491 725 3555 μὲν
741 3483 881 3557 ἀθρόως
900 3483 939 3539 τὸ
956 3485 1067 3540 ποτὸν
1084 3491 1137 3559 ἐγ-

60 3569 102 3614 tur
119 3560 190 3612 nicht
207 3574 333 3626 versagen
350 3559 413 3612 dari.
623 3553 788 3623 χιώμιθα
806 3555 870 3616 (dies
888 3555 923 3606 ist
941 3555 1137 3622 derGegensatz

97 3633 136 3682 10,
153 3643 226 3694 vero,
243 3627 387 3681 affirmativ.
623 3640 655 3675 zu
668 3624 717 3676 deu
726 3618 825 3689 pocula
837 3625 981 3688 rorantia),
993 3623 1061 3688 ταχὺ
1072 3618 1137 3691 ἡμῖν

96 3701 136 3750 11.
160 3697 325 3762 magnema.
360 3697 490 3761 Magister
511 3693 574 3746 oder
624 3694 669 3743 uel
695 3689 730 3742 τὰ
756 3687 873 3757 σώματα
901 3693 948 3741 καὶ
974 3689 1005 3743 αἱ
1027 3692 1136 3762 γνῶμαι

58 3783 111 3818 roc
133 3766 252 3817 convivii
267 3768 416 3831 (cvpnccln
433 3766 486 3827 χοι)
503 3763 573 3815 hiess
624 3755 794 3828 σφαλοῦνται
808 3778 831 3811 κ.
843 3776 868 3811 τ.
881 3755 913 3823 h,
931 3751 966 3824 ἢν
983 3753 1014 3810 δὲ
1030 3753 1094 3825 ἡμῖν
1110 3755 1137 3808 οἱ
1236 3762 1241 3768 “

60 3834 105 3885 der
123 3831 266 3898 Prisident,
284 3831 395 3884 welcher
413 3783 453 3884 die
466 3830 573 3883 Gesetze
624 3821 718 3881 naides
737 3830 875 3896 μικραῖς
902 3822 1014 3908 adlefo
1035 3829 1137 3904 (umere

61 3901 107 3954 des
137 3899 264 3952 Trinhens
292 3899 449 3952 vorscluieh.
496 3897 573 3950 Seiae
624 3898 729 3948 nnnnlc
744 3896 952 3963 poeulclnvuva
969 3894 1135 3960 έπιψιιια-
