<?xml version="1.0" encoding="UTF-8"?>
<!DOCTYPE html PUBLIC "-//W3C//DTD XHTML 1.0 Transitional//EN"
    "http://www.w3.org/TR/xhtml1/DTD/xhtml1-transitional.dtd">
<html xmlns="http://www.w3.org/1999/xhtml" xml:lang="en" lang="en">
 <head>
  <title>
</title>
<meta http-equiv="Content-Type" content="text/html;charset=utf-8" />
  <meta name='ocr-system' content='tesseract 3.04.00' />
  <meta name='ocr-capabilities' content='ocr_page ocr_carea ocr_par ocr_line ocrx_word'/>
</head>
<body>
  <div class='ocr_page' id='page_1' title='image "./mtulliiciceroni00sommgoog_0054.png"; bbox 0 0 2610 4402; ppageno 0'>
   <div class='ocr_carea' id='block_1_1' title="bbox 343 221 1131 290">
    <p class='ocr_par' dir='ltr' id='par_1_1' title="bbox 343 221 1131 290">
     <span class='ocr_line' id='line_1_1' title="bbox 343 221 1131 290; baseline 0.011 -17"><span class='ocrx_word' id='word_1_1' title='bbox 343 221 430 274; x_wconf 80' lang='lat' dir='ltr'>caro</span> <span class='ocrx_word' id='word_1_2' title='bbox 446 221 558 276; x_wconf 76' lang='lat' dir='ltr'>uaros.</span> <span class='ocrx_word' id='word_1_3' title='bbox 594 240 615 276; x_wconf 62' lang='grc' dir='ltr'>ο.</span> <span class='ocrx_word' id='word_1_4' title='bbox 636 225 675 290; x_wconf 83' lang='lat' dir='ltr'>n,</span> <span class='ocrx_word' id='word_1_5' title='bbox 694 223 708 290; x_wconf 73' lang='lat' dir='ltr'>s</span> <span class='ocrx_word' id='word_1_6' title='bbox 727 226 836 277; x_wconf 81' lang='lat' dir='ltr'>ao-u.</span> <span class='ocrx_word' id='word_1_7' title='bbox 1091 221 1131 282; x_wconf 82' lang='lat'>49</span> 
     </span>
    </p>
   </div>
   <div class='ocr_carea' id='block_1_2' title="bbox 10 393 1229 2425">
    <p class='ocr_par' dir='ltr' id='par_1_2' title="bbox 54 393 1184 728">
     <span class='ocr_line' id='line_1_2' title="bbox 139 393 1184 476; baseline 0.005 -23"><span class='ocrx_word' id='word_1_8' title='bbox 139 393 1184 476; x_wconf 72' lang='lat' dir='ltr'>89.Sequiturtertiavitupcratiosenectutis,quod12</span> 
     </span>
     <span class='ocr_line' id='line_1_3' title="bbox 56 478 1132 560; baseline 0.004 -22"><span class='ocrx_word' id='word_1_9' title='bbox 56 497 133 539; x_wconf 89' lang='lat' dir='ltr'>eam</span> <span class='ocrx_word' id='word_1_10' title='bbox 156 496 284 539; x_wconf 86' lang='lat' dir='ltr'>carcre</span> <span class='ocrx_word' id='word_1_11' title='bbox 308 478 442 539; x_wconf 90' lang='lat' dir='ltr'>dicunt</span> <span class='ocrx_word' id='word_1_12' title='bbox 463 478 737 559; x_wconf 88' lang='lat' dir='ltr'>voluptatibus.</span> <span class='ocrx_word' id='word_1_13' title='bbox 769 480 793 541; x_wconf 88' lang='grc'>0</span> <span class='ocrx_word' id='word_1_14' title='bbox 816 482 1001 560; x_wconf 89' lang='lat' dir='ltr'>praeclarum</span> <span class='ocrx_word' id='word_1_15' title='bbox 1022 500 1132 543; x_wconf 92' lang='lat' dir='ltr'>munus</span> 
     </span>
     <span class='ocr_line' id='line_1_4' title="bbox 55 562 1132 643; baseline 0.004 -20"><span class='ocrx_word' id='word_1_16' title='bbox 55 563 167 638; x_wconf 88' lang='lat' dir='ltr'>aetatis,</span> <span class='ocrx_word' id='word_1_17' title='bbox 183 564 208 624; x_wconf 92' lang='lat' dir='ltr'>si</span> <span class='ocrx_word' id='word_1_18' title='bbox 223 562 343 642; x_wconf 90' lang='lat' dir='ltr'>quidem</span> <span class='ocrx_word' id='word_1_19' title='bbox 357 564 387 624; x_wconf 88' lang='lat' dir='ltr'>id</span> <span class='ocrx_word' id='word_1_20' title='bbox 402 565 498 624; x_wconf 80' lang='lat' dir='ltr'>aufert</span> <span class='ocrx_word' id='word_1_21' title='bbox 512 584 528 624; x_wconf 90' lang='lat' dir='ltr'>a</span> <span class='ocrx_word' id='word_1_22' title='bbox 544 564 645 638; x_wconf 89' lang='lat' dir='ltr'>nobis,</span> <span class='ocrx_word' id='word_1_23' title='bbox 669 565 749 643; x_wconf 90' lang='lat' dir='ltr'>quod</span> <span class='ocrx_word' id='word_1_24' title='bbox 771 574 815 626; x_wconf 91' lang='lat' dir='ltr'>est</span> <span class='ocrx_word' id='word_1_25' title='bbox 829 566 861 626; x_wconf 89' lang='lat' dir='ltr'>in</span> <span class='ocrx_word' id='word_1_26' title='bbox 877 566 1076 628; x_wconf 79' lang='lat' dir='ltr'>adulescentia</span> <span class='ocrx_word' id='word_1_27' title='bbox 1090 567 1132 627; x_wconf 86' lang='lat' dir='ltr'>vi·</span> 
     </span>
     <span class='ocr_line' id='line_1_5' title="bbox 54 648 1132 728; baseline 0.003 -20"><span class='ocrx_word' id='word_1_28' title='bbox 54 648 262 711; x_wconf 87' lang='lat' dir='ltr'>tiosissimuml</span> <span class='ocrx_word' id='word_1_29' title='bbox 279 648 410 727; x_wconf 77' lang='lat' dir='ltr'><strong>Accipite</strong></span> <span class='ocrx_word' id='word_1_30' title='bbox 426 649 514 722; x_wconf 86' lang='lat' dir='ltr'>enirn,</span> <span class='ocrx_word' id='word_1_31' title='bbox 531 650 634 728; x_wconf 92' lang='lat' dir='ltr'>optimi</span> <span class='ocrx_word' id='word_1_32' title='bbox 650 650 862 723; x_wconf 87' lang='lat' dir='ltr'>adulescentes,</span> <span class='ocrx_word' id='word_1_33' title='bbox 877 660 1006 711; x_wconf 78' lang='lat' dir='ltr'>veterem</span> <span class='ocrx_word' id='word_1_34' title='bbox 1023 652 1132 711; x_wconf 90' lang='lat' dir='ltr'>oratio-</span> 
     </span>
    </p>

    <p class='ocr_par' dir='ltr' id='par_1_3' title="bbox 16 733 1132 1155">
     <span class='ocr_line' id='line_1_6' title="bbox 16 733 1132 817; baseline 0.004 -25"><span class='ocrx_word' id='word_1_35' title='bbox 16 742 33 792; x_wconf 99' lang='grc'><strong>5</strong></span> <span class='ocrx_word' id='word_1_36' title='bbox 55 752 126 794; x_wconf 91' lang='lat' dir='ltr'>nem</span> <span class='ocrx_word' id='word_1_37' title='bbox 141 733 286 812; x_wconf 80' lang='lat' dir='ltr'>Archytae</span> <span class='ocrx_word' id='word_1_38' title='bbox 302 733 470 817; x_wconf 80' lang='lat' dir='ltr'>Tarentini,</span> <span class='ocrx_word' id='word_1_39' title='bbox 487 735 587 813; x_wconf 87' lang='lat' dir='ltr'>magni</span> <span class='ocrx_word' id='word_1_40' title='bbox 603 734 633 794; x_wconf 91' lang='lat' dir='ltr'>in</span> <span class='ocrx_word' id='word_1_41' title='bbox 649 735 752 813; x_wconf 88' lang='lat' dir='ltr'>primis</span> <span class='ocrx_word' id='word_1_42' title='bbox 768 744 798 795; x_wconf 88' lang='lat' dir='ltr'>et</span> <span class='ocrx_word' id='word_1_43' title='bbox 812 735 956 814; x_wconf 92' lang='lat' dir='ltr'>praeclari</span> <span class='ocrx_word' id='word_1_44' title='bbox 970 736 1039 811; x_wconf 91' lang='lat' dir='ltr'>viri,</span> <span class='ocrx_word' id='word_1_45' title='bbox 1056 754 1132 814; x_wconf 87' lang='lat' dir='ltr'>quac</span> 
     </span>
     <span class='ocr_line' id='line_1_7' title="bbox 55 817 1131 891; baseline 0.002 -13"><span class='ocrx_word' id='word_1_46' title='bbox 55 818 128 878; x_wconf 91' lang='lat' dir='ltr'>mihi</span> <span class='ocrx_word' id='word_1_47' title='bbox 142 817 248 878; x_wconf 87' lang='lat' dir='ltr'>tradita</span> <span class='ocrx_word' id='word_1_48' title='bbox 263 826 322 890; x_wconf 87' lang='lat' dir='ltr'>cst,</span> <span class='ocrx_word' id='word_1_49' title='bbox 345 837 413 878; x_wconf 88' lang='lat' dir='ltr'>cum</span> <span class='ocrx_word' id='word_1_50' title='bbox 428 837 524 879; x_wconf 89' lang='lat' dir='ltr'>essem</span> <span class='ocrx_word' id='word_1_51' title='bbox 538 818 712 880; x_wconf 85' lang='lat' dir='ltr'>adulescens</span> <span class='ocrx_word' id='word_1_52' title='bbox 727 819 847 880; x_wconf 84' lang='lat' dir='ltr'>Tarenti</span> <span class='ocrx_word' id='word_1_53' title='bbox 863 839 930 881; x_wconf 93' lang='lat' dir='ltr'>cum</span> <span class='ocrx_word' id='word_1_54' title='bbox 945 820 981 891; x_wconf 82' lang='lat' dir='ltr'>Q.</span> <span class='ocrx_word' id='word_1_55' title='bbox 996 821 1131 881; x_wconf 86' lang='lat' dir='ltr'>Maximo.</span> 
     </span>
     <span class='ocr_line' id='line_1_8' title="bbox 54 901 1132 984; baseline 0.003 -21"><span class='ocrx_word' id='word_1_56' title='bbox 54 901 171 964; x_wconf 88' lang='lat' dir='ltr'>Nullam</span> <span class='ocrx_word' id='word_1_57' title='bbox 187 902 387 982; x_wconf 86' lang='lat' dir='ltr'>capitaliorem</span> <span class='ocrx_word' id='word_1_58' title='bbox 399 911 512 982; x_wconf 88' lang='lat' dir='ltr'>pestem</span> <span class='ocrx_word' id='word_1_59' title='bbox 524 922 611 982; x_wconf 90' lang='lat' dir='ltr'>quam</span> <span class='ocrx_word' id='word_1_60' title='bbox 622 902 801 983; x_wconf 86' lang='lat' dir='ltr'>voluptatem</span> <span class='ocrx_word' id='word_1_61' title='bbox 817 905 951 984; x_wconf 91' lang='lat' dir='ltr'>corporis</span> <span class='ocrx_word' id='word_1_62' title='bbox 962 905 1132 966; x_wconf 89' lang='lat' dir='ltr'>hominihus</span> 
     </span>
     <span class='ocr_line' id='line_1_9' title="bbox 55 986 1132 1067; baseline 0.002 -19"><span class='ocrx_word' id='word_1_63' title='bbox 55 986 172 1048; x_wconf 87' lang='lat' dir='ltr'>dicebat</span> <span class='ocrx_word' id='word_1_64' title='bbox 186 1007 201 1048; x_wconf 92' lang='lat' dir='ltr'>a</span> <span class='ocrx_word' id='word_1_65' title='bbox 218 995 323 1048; x_wconf 91' lang='lat' dir='ltr'>natura</span> <span class='ocrx_word' id='word_1_66' title='bbox 337 987 449 1061; x_wconf 88' lang='lat' dir='ltr'>datam,</span> <span class='ocrx_word' id='word_1_67' title='bbox 471 989 556 1049; x_wconf 91' lang='lat' dir='ltr'>cuius</span> <span class='ocrx_word' id='word_1_68' title='bbox 577 989 734 1067; x_wconf 88' lang='lat' dir='ltr'>voluptatis</span> <span class='ocrx_word' id='word_1_69' title='bbox 749 989 848 1050; x_wconf 90' lang='lat' dir='ltr'>avidae</span> <span class='ocrx_word' id='word_1_70' title='bbox 869 989 1006 1050; x_wconf 87' lang='lat' dir='ltr'>libidines</span> <span class='ocrx_word' id='word_1_71' title='bbox 1021 998 1132 1050; x_wconf 90' lang='lat' dir='ltr'>temere</span> 
     </span>
     <span class='ocr_line' id='line_1_10' title="bbox 56 1070 1132 1155; baseline 0.002 -23"><span class='ocrx_word' id='word_1_72' title='bbox 56 1080 86 1132; x_wconf 88' lang='lat' dir='ltr'>et</span> <span class='ocrx_word' id='word_1_73' title='bbox 101 1073 243 1133; x_wconf 80' lang='lat' dir='ltr'>effrenate</span> <span class='ocrx_word' id='word_1_74' title='bbox 259 1072 294 1132; x_wconf 93' lang='lat' dir='ltr'>ad</span> <span class='ocrx_word' id='word_1_75' title='bbox 309 1072 484 1152; x_wconf 89' lang='lat' dir='ltr'>potiendum</span> <span class='ocrx_word' id='word_1_76' title='bbox 499 1073 704 1155; x_wconf 86' lang='lat' dir='ltr'>incitarentur.</span> <span class='ocrx_word' id='word_1_77' title='bbox 734 1070 784 1134; x_wconf 71' lang='grc'>40.</span> <span class='ocrx_word' id='word_1_78' title='bbox 807 1075 884 1134; x_wconf 90' lang='lat' dir='ltr'>Hinc</span> <span class='ocrx_word' id='word_1_79' title='bbox 904 1074 1020 1153; x_wconf 82' lang='lat' dir='ltr'>patriae¹</span> <span class='ocrx_word' id='word_1_80' title='bbox 1031 1075 1132 1153; x_wconf 89' lang='lat' dir='ltr'>prodi-</span> 
     </span>
    </p>

    <p class='ocr_par' dir='ltr' id='par_1_4' title="bbox 10 1157 1133 1576">
     <span class='ocr_line' id='line_1_11' title="bbox 10 1157 1132 1237; baseline 0.004 -21"><span class='ocrx_word' id='word_1_81' title='bbox 10 1165 34 1217; x_wconf 85' lang='lat' dir='ltr'>lb</span> <span class='ocrx_word' id='word_1_82' title='bbox 54 1157 167 1231; x_wconf 77' lang='lat' dir='ltr'>ticum,</span> <span class='ocrx_word' id='word_1_83' title='bbox 190 1157 261 1217; x_wconf 93' lang='lat' dir='ltr'>hinc</span> <span class='ocrx_word' id='word_1_84' title='bbox 279 1175 380 1218; x_wconf 90' lang='lat' dir='ltr'>rerum</span> <span class='ocrx_word' id='word_1_85' title='bbox 402 1157 589 1237; x_wconf 90' lang='lat' dir='ltr'>publicarum</span> <span class='ocrx_word' id='word_1_86' title='bbox 611 1159 792 1232; x_wconf 83' lang='lat' dir='ltr'>eversiones,</span> <span class='ocrx_word' id='word_1_87' title='bbox 816 1159 887 1219; x_wconf 90' lang='lat' dir='ltr'>hinc</span> <span class='ocrx_word' id='word_1_88' title='bbox 909 1178 977 1219; x_wconf 90' lang='lat' dir='ltr'>oum</span> <span class='ocrx_word' id='word_1_89' title='bbox 997 1157 1132 1220; x_wconf 87' lang='lat' dir='ltr'>hostibus</span> 
     </span>
     <span class='ocr_line' id='line_1_12' title="bbox 56 1242 1133 1322; baseline 0.001 -20"><span class='ocrx_word' id='word_1_90' title='bbox 56 1242 240 1303; x_wconf 90' lang='lat' dir='ltr'>clandestina</span> <span class='ocrx_word' id='word_1_91' title='bbox 251 1242 397 1321; x_wconf 90' lang='lat' dir='ltr'>colloquia</span> <span class='ocrx_word' id='word_1_92' title='bbox 409 1243 490 1303; x_wconf 89' lang='lat' dir='ltr'>nasci</span> <span class='ocrx_word' id='word_1_93' title='bbox 497 1263 505 1318; x_wconf 89' lang='lat'>;</span> <span class='ocrx_word' id='word_1_94' title='bbox 518 1243 631 1304; x_wconf 92' lang='lat' dir='ltr'>nullum</span> <span class='ocrx_word' id='word_1_95' title='bbox 644 1243 772 1322; x_wconf 89' lang='lat' dir='ltr'>deniqne</span> <span class='ocrx_word' id='word_1_96' title='bbox 784 1243 889 1319; x_wconf 87' lang='lat' dir='ltr'>scelus,</span> <span class='ocrx_word' id='word_1_97' title='bbox 897 1243 1012 1304; x_wconf 89' lang='lat' dir='ltr'>nullum</span> <span class='ocrx_word' id='word_1_98' title='bbox 1024 1244 1133 1303; x_wconf 92' lang='lat' dir='ltr'>malum</span> 
     </span>
     <span class='ocr_line' id='line_1_13' title="bbox 55 1327 1132 1408; baseline 0.001 -21"><span class='ocrx_word' id='word_1_99' title='bbox 55 1327 171 1388; x_wconf 88' lang='lat' dir='ltr'>lacinus</span> <span class='ocrx_word' id='word_1_100' title='bbox 187 1345 266 1402; x_wconf 89' lang='lat' dir='ltr'>csse,</span> <span class='ocrx_word' id='word_1_101' title='bbox 289 1328 326 1388; x_wconf 93' lang='lat' dir='ltr'>ad</span> <span class='ocrx_word' id='word_1_102' title='bbox 340 1328 420 1405; x_wconf 89' lang='lat' dir='ltr'>qnod</span> <span class='ocrx_word' id='word_1_103' title='bbox 435 1327 656 1406; x_wconf 89' lang='lat' dir='ltr'>suscipiendum</span> <span class='ocrx_word' id='word_1_104' title='bbox 671 1347 733 1388; x_wconf 94' lang='lat' dir='ltr'>non</span> <span class='ocrx_word' id='word_1_105' title='bbox 748 1327 839 1389; x_wconf 90' lang='lat' dir='ltr'>libido</span> <span class='ocrx_word' id='word_1_106' title='bbox 854 1328 1011 1407; x_wconf 88' lang='lat' dir='ltr'>voluptatis</span> <span class='ocrx_word' id='word_1_107' title='bbox 1027 1328 1132 1408; x_wconf 86' lang='lat' dir='ltr'>impel-</span> 
     </span>
     <span class='ocr_line' id='line_1_14' title="bbox 54 1411 1132 1491; baseline 0.001 -19"><span class='ocrx_word' id='word_1_108' title='bbox 54 1411 145 1488; x_wconf 81' lang='lat' dir='ltr'>lerct3</span> <span class='ocrx_word' id='word_1_109' title='bbox 167 1422 269 1491; x_wconf 87' lang='lat' dir='ltr'>stupra</span> <span class='ocrx_word' id='word_1_110' title='bbox 290 1431 360 1472; x_wconf 89' lang='lat' dir='ltr'>vero</span> <span class='ocrx_word' id='word_1_111' title='bbox 377 1420 406 1472; x_wconf 87' lang='lat' dir='ltr'>ct</span> <span class='ocrx_word' id='word_1_112' title='bbox 428 1412 570 1472; x_wconf 85' lang='lat' dir='ltr'>adulteria</span> <span class='ocrx_word' id='word_1_113' title='bbox 586 1420 615 1472; x_wconf 90' lang='lat' dir='ltr'>et</span> <span class='ocrx_word' id='word_1_114' title='bbox 630 1431 718 1472; x_wconf 90' lang='lat' dir='ltr'>omne</span> <span class='ocrx_word' id='word_1_115' title='bbox 734 1413 791 1473; x_wconf 89' lang='lat' dir='ltr'>tale</span> <span class='ocrx_word' id='word_1_116' title='bbox 812 1413 954 1491; x_wconf 86' lang='lat' dir='ltr'>flagitium</span> <span class='ocrx_word' id='word_1_117' title='bbox 977 1413 1066 1474; x_wconf 91' lang='lat' dir='ltr'>nullis</span> <span class='ocrx_word' id='word_1_118' title='bbox 1081 1431 1132 1474; x_wconf 87' lang='lat' dir='ltr'>ex-</span> 
     </span>
     <span class='ocr_line' id='line_1_15' title="bbox 56 1496 1133 1576; baseline 0 -20"><span class='ocrx_word' id='word_1_119' title='bbox 56 1497 140 1557; x_wconf 88' lang='lat' dir='ltr'>citari</span> <span class='ocrx_word' id='word_1_120' title='bbox 155 1497 219 1557; x_wconf 91' lang='lat' dir='ltr'>aliis</span> <span class='ocrx_word' id='word_1_121' title='bbox 240 1496 388 1558; x_wconf 87' lang='lat' dir='ltr'>illecebris</span> <span class='ocrx_word' id='word_1_122' title='bbox 403 1497 461 1557; x_wconf 89' lang='lat' dir='ltr'>nisi</span> <span class='ocrx_word' id='word_1_123' title='bbox 474 1497 640 1576; x_wconf 86' lang='lat' dir='ltr'>voluptatis.</span> <span class='ocrx_word' id='word_1_124' title='bbox 671 1497 803 1576; x_wconf 85' lang='lat' dir='ltr'>Cumque</span> <span class='ocrx_word' id='word_1_125' title='bbox 817 1497 930 1558; x_wconf 88' lang='lat' dir='ltr'>homini</span> <span class='ocrx_word' id='word_1_126' title='bbox 946 1497 1005 1557; x_wconf 80' lang='lat' dir='ltr'>sire</span> <span class='ocrx_word' id='word_1_127' title='bbox 1028 1506 1133 1557; x_wconf 92' lang='lat' dir='ltr'>natura</span> 
     </span>
    </p>

    <p class='ocr_par' dir='ltr' id='par_1_5' title="bbox 10 1581 1229 2000">
     <span class='ocr_line' id='line_1_16' title="bbox 10 1581 1132 1661; baseline -0.001 -19"><span class='ocrx_word' id='word_1_128' title='bbox 10 1590 33 1642; x_wconf 85' lang='grc'>15</span> <span class='ocrx_word' id='word_1_129' title='bbox 55 1581 116 1643; x_wconf 88' lang='lat' dir='ltr'>sive</span> <span class='ocrx_word' id='word_1_130' title='bbox 132 1581 198 1661; x_wconf 92' lang='lat' dir='ltr'>quis</span> <span class='ocrx_word' id='word_1_131' title='bbox 210 1581 282 1642; x_wconf 89' lang='lat' dir='ltr'>deus</span> <span class='ocrx_word' id='word_1_132' title='bbox 297 1581 371 1643; x_wconf 90' lang='lat' dir='ltr'>nihil</span> <span class='ocrx_word' id='word_1_133' title='bbox 385 1589 486 1642; x_wconf 91' lang='lat' dir='ltr'>mente</span> <span class='ocrx_word' id='word_1_134' title='bbox 500 1581 706 1661; x_wconf 87' lang='lat' dir='ltr'>praestabilius</span> <span class='ocrx_word' id='word_1_135' title='bbox 721 1582 856 1655; x_wconf 87' lang='lat' dir='ltr'>dedisset,</span> <span class='ocrx_word' id='word_1_136' title='bbox 872 1581 942 1641; x_wconf 89' lang='lat' dir='ltr'>hnic</span> <span class='ocrx_word' id='word_1_137' title='bbox 953 1581 1051 1641; x_wconf 86' lang='lat' dir='ltr'>divino</span> <span class='ocrx_word' id='word_1_138' title='bbox 1067 1600 1132 1641; x_wconf 93' lang='lat' dir='ltr'>mu-</span> 
     </span>
     <span class='ocr_line' id='line_1_17' title="bbox 56 1666 1229 1746; baseline -0.001 -19"><span class='ocrx_word' id='word_1_139' title='bbox 56 1667 122 1727; x_wconf 91' lang='lat' dir='ltr'>neri</span> <span class='ocrx_word' id='word_1_140' title='bbox 137 1685 171 1727; x_wconf 90' lang='lat' dir='ltr'>ac</span> <span class='ocrx_word' id='word_1_141' title='bbox 182 1666 262 1726; x_wconf 91' lang='lat' dir='ltr'>dono</span> <span class='ocrx_word' id='word_1_142' title='bbox 278 1667 351 1727; x_wconf 93' lang='lat' dir='ltr'>nihil</span> <span class='ocrx_word' id='word_1_143' title='bbox 365 1675 425 1727; x_wconf 92' lang='lat' dir='ltr'>tam</span> <span class='ocrx_word' id='word_1_144' title='bbox 440 1686 505 1728; x_wconf 89' lang='lat' dir='ltr'>esse</span> <span class='ocrx_word' id='word_1_145' title='bbox 520 1667 672 1727; x_wconf 91' lang='lat' dir='ltr'>inimicum</span> <span class='ocrx_word' id='word_1_146' title='bbox 688 1686 777 1745; x_wconf 92' lang='lat' dir='ltr'>quam</span> <span class='ocrx_word' id='word_1_147' title='bbox 791 1668 979 1746; x_wconf 87' lang='lat' dir='ltr'>voluptatem.</span> <span class='ocrx_word' id='word_1_148' title='bbox 1009 1670 1056 1727; x_wconf 78' lang='lat'>41.</span> <span class='ocrx_word' id='word_1_149' title='bbox 1071 1667 1132 1727; x_wconf 90' lang='lat' dir='ltr'>Nec</span> <span class='ocrx_word' id='word_1_150' title='bbox 1227 1689 1229 1694; x_wconf 94' lang='lat'>·</span> 
     </span>
     <span class='ocr_line' id='line_1_18' title="bbox 56 1751 1132 1831; baseline 0 -20"><span class='ocrx_word' id='word_1_151' title='bbox 56 1751 137 1811; x_wconf 85' lang='lat' dir='ltr'>enirn</span> <span class='ocrx_word' id='word_1_152' title='bbox 151 1751 274 1811; x_wconf 89' lang='lat' dir='ltr'>libidine</span> <span class='ocrx_word' id='word_1_153' title='bbox 289 1751 460 1812; x_wconf 88' lang='lat' dir='ltr'>dominante</span> <span class='ocrx_word' id='word_1_154' title='bbox 475 1752 687 1831; x_wconf 84' lang='lat' dir='ltr'>temperantiae</span> <span class='ocrx_word' id='word_1_155' title='bbox 699 1752 797 1813; x_wconf 90' lang='lat' dir='ltr'>locum</span> <span class='ocrx_word' id='word_1_156' title='bbox 809 1770 882 1826; x_wconf 88' lang='lat' dir='ltr'>esse,</span> <span class='ocrx_word' id='word_1_157' title='bbox 898 1770 997 1830; x_wconf 90' lang='lat' dir='ltr'>neque</span> <span class='ocrx_word' id='word_1_158' title='bbox 1009 1751 1132 1811; x_wconf 91' lang='lat' dir='ltr'>omnino</span> 
     </span>
     <span class='ocr_line' id='line_1_19' title="bbox 56 1836 1132 1916; baseline 0.001 -20"><span class='ocrx_word' id='word_1_159' title='bbox 56 1836 86 1896; x_wconf 91' lang='lat' dir='ltr'>in</span> <span class='ocrx_word' id='word_1_160' title='bbox 102 1836 260 1916; x_wconf 79' lang='lat' dir='ltr'>voluptatis</span> <span class='ocrx_word' id='word_1_161' title='bbox 276 1853 369 1915; x_wconf 86' lang='lat' dir='ltr'>regno</span> <span class='ocrx_word' id='word_1_162' title='bbox 391 1836 529 1896; x_wconf 88' lang='lat' dir='ltr'>virtutem</span> <span class='ocrx_word' id='word_1_163' title='bbox 550 1856 637 1916; x_wconf 90' lang='lat' dir='ltr'>posse</span> <span class='ocrx_word' id='word_1_164' title='bbox 659 1837 830 1898; x_wconf 88' lang='lat' dir='ltr'>consistere.</span> <span class='ocrx_word' id='word_1_165' title='bbox 861 1836 948 1907; x_wconf 83' lang='lat' dir='ltr'>Quod</span> <span class='ocrx_word' id='word_1_166' title='bbox 966 1855 1026 1914; x_wconf 94' lang='lat' dir='ltr'>quo</span> <span class='ocrx_word' id='word_1_167' title='bbox 1041 1837 1132 1916; x_wconf 82' lang='lat' dir='ltr'>magis</span> 
     </span>
     <span class='ocr_line' id='line_1_20' title="bbox 56 1920 1133 2000; baseline 0.001 -20"><span class='ocrx_word' id='word_1_168' title='bbox 56 1920 189 2000; x_wconf 81' lang='lat' dir='ltr'>intellegi</span> <span class='ocrx_word' id='word_1_169' title='bbox 204 1928 318 2000; x_wconf 89' lang='lat' dir='ltr'>posset,</span> <span class='ocrx_word' id='word_1_170' title='bbox 342 1923 456 2000; x_wconf 88' lang='lat' dir='ltr'>lingere</span> <span class='ocrx_word' id='word_1_171' title='bbox 478 1921 576 1982; x_wconf 91' lang='lat' dir='ltr'>animo</span> <span class='ocrx_word' id='word_1_172' title='bbox 599 1921 719 1982; x_wconf 87' lang='lat' dir='ltr'>iubebat</span> <span class='ocrx_word' id='word_1_173' title='bbox 732 1929 812 1982; x_wconf 86' lang='lat' dir='ltr'>tanta</span> <span class='ocrx_word' id='word_1_174' title='bbox 835 1921 988 1982; x_wconf 90' lang='lat' dir='ltr'>incitatum</span> <span class='ocrx_word' id='word_1_175' title='bbox 1005 1921 1133 1999; x_wconf 86' lang='lat' dir='ltr'>aliquem</span> 
     </span>
    </p>

    <p class='ocr_par' dir='ltr' id='par_1_6' title="bbox 10 2005 1133 2425">
     <span class='ocr_line' id='line_1_21' title="bbox 10 2005 1133 2086; baseline 0.002 -24"><span class='ocrx_word' id='word_1_176' title='bbox 10 2011 35 2062; x_wconf 83' lang='lat' dir='ltr'>lo</span> <span class='ocrx_word' id='word_1_177' title='bbox 55 2006 205 2085; x_wconf 88' lang='lat' dir='ltr'>voluptate</span> <span class='ocrx_word' id='word_1_178' title='bbox 221 2006 364 2084; x_wconf 85' lang='lat' dir='ltr'>corporis,</span> <span class='ocrx_word' id='word_1_179' title='bbox 380 2014 490 2084; x_wconf 90' lang='lat' dir='ltr'>quanta</span> <span class='ocrx_word' id='word_1_180' title='bbox 505 2006 619 2085; x_wconf 90' lang='lat' dir='ltr'>percipi</span> <span class='ocrx_word' id='word_1_181' title='bbox 634 2016 734 2086; x_wconf 88' lang='lat' dir='ltr'>posset</span> <span class='ocrx_word' id='word_1_182' title='bbox 747 2007 887 2081; x_wconf 82' lang='lat' dir='ltr'>maxima3</span> <span class='ocrx_word' id='word_1_183' title='bbox 903 2005 1016 2065; x_wconf 90' lang='lat' dir='ltr'>nemini</span> <span class='ocrx_word' id='word_1_184' title='bbox 1027 2024 1133 2066; x_wconf 90' lang='lat' dir='ltr'>cense-</span> 
     </span>
     <span class='ocr_line' id='line_1_22' title="bbox 56 2089 1132 2170; baseline 0 -20"><span class='ocrx_word' id='word_1_185' title='bbox 56 2089 107 2151; x_wconf 87' lang='lat' dir='ltr'>bat</span> <span class='ocrx_word' id='word_1_186' title='bbox 122 2092 186 2151; x_wconf 86' lang='lat' dir='ltr'>fore</span> <span class='ocrx_word' id='word_1_187' title='bbox 207 2090 345 2166; x_wconf 85' lang='lat' dir='ltr'>dubium,</span> <span class='ocrx_word' id='word_1_188' title='bbox 368 2091 441 2170; x_wconf 91' lang='lat' dir='ltr'>quin</span> <span class='ocrx_word' id='word_1_189' title='bbox 456 2090 583 2165; x_wconf 91' lang='lat' dir='ltr'>tamdiu,</span> <span class='ocrx_word' id='word_1_190' title='bbox 607 2092 676 2151; x_wconf 92' lang='lat' dir='ltr'>dum</span> <span class='ocrx_word' id='word_1_191' title='bbox 692 2092 732 2151; x_wconf 90' lang='lat' dir='ltr'>ita</span> <span class='ocrx_word' id='word_1_192' title='bbox 746 2090 903 2170; x_wconf 82' lang='lat' dir='ltr'>gauderet,</span> <span class='ocrx_word' id='word_1_193' title='bbox 928 2090 1000 2150; x_wconf 93' lang='lat' dir='ltr'>nihil</span> <span class='ocrx_word' id='word_1_194' title='bbox 1022 2091 1132 2169; x_wconf 87' lang='lat' dir='ltr'>agitare</span> 
     </span>
     <span class='ocr_line' id='line_1_23' title="bbox 54 2175 1132 2255; baseline -0.001 -20"><span class='ocrx_word' id='word_1_195' title='bbox 54 2183 166 2248; x_wconf 83' lang='lat' dir='ltr'>mente,</span> <span class='ocrx_word' id='word_1_196' title='bbox 182 2175 256 2235; x_wconf 92' lang='lat' dir='ltr'>nihil</span> <span class='ocrx_word' id='word_1_197' title='bbox 267 2176 390 2251; x_wconf 90' lang='lat' dir='ltr'>ratione,</span> <span class='ocrx_word' id='word_1_198' title='bbox 407 2176 481 2236; x_wconf 91' lang='lat' dir='ltr'>nihil</span> <span class='ocrx_word' id='word_1_199' title='bbox 496 2176 673 2255; x_wconf 83' lang='lat' dir='ltr'>cogitatione</span> <span class='ocrx_word' id='word_1_200' title='bbox 689 2177 832 2254; x_wconf 90' lang='lat' dir='ltr'>consequi</span> <span class='ocrx_word' id='word_1_201' title='bbox 847 2183 956 2254; x_wconf 89' lang='lat' dir='ltr'>posset.</span> <span class='ocrx_word' id='word_1_202' title='bbox 986 2175 1132 2246; x_wconf 83' lang='lat' dir='ltr'>Quocirca</span> 
     </span>
     <span class='ocr_line' id='line_1_24' title="bbox 55 2259 1131 2340; baseline 0 -20"><span class='ocrx_word' id='word_1_203' title='bbox 55 2259 130 2320; x_wconf 93' lang='lat' dir='ltr'>nihil</span> <span class='ocrx_word' id='word_1_204' title='bbox 152 2280 216 2322; x_wconf 90' lang='lat' dir='ltr'>csse</span> <span class='ocrx_word' id='word_1_205' title='bbox 238 2268 298 2320; x_wconf 89' lang='lat' dir='ltr'>tam</span> <span class='ocrx_word' id='word_1_206' title='bbox 320 2260 491 2322; x_wconf 87' lang='lat' dir='ltr'>detestabile</span> <span class='ocrx_word' id='word_1_207' title='bbox 512 2270 631 2340; x_wconf 90' lang='lat' dir='ltr'>tamque</span> <span class='ocrx_word' id='word_1_208' title='bbox 645 2261 819 2339; x_wconf 85' lang='lat' dir='ltr'>pestiferum</span> <span class='ocrx_word' id='word_1_209' title='bbox 835 2279 923 2338; x_wconf 90' lang='lat' dir='ltr'>quam</span> <span class='ocrx_word' id='word_1_210' title='bbox 943 2260 1131 2339; x_wconf 89' lang='lat' dir='ltr'>voluptatem,</span> 
     </span>
     <span class='ocr_line' id='line_1_25' title="bbox 54 2344 1132 2425; baseline -0.003 -19"><span class='ocrx_word' id='word_1_211' title='bbox 54 2344 81 2406; x_wconf 94' lang='lat' dir='ltr'>si</span> <span class='ocrx_word' id='word_1_212' title='bbox 96 2345 215 2423; x_wconf 90' lang='lat' dir='ltr'>quidem</span> <span class='ocrx_word' id='word_1_213' title='bbox 227 2364 270 2418; x_wconf 91' lang='lat' dir='ltr'>ea,</span> <span class='ocrx_word' id='word_1_214' title='bbox 287 2364 354 2405; x_wconf 92' lang='lat' dir='ltr'>cum</span> <span class='ocrx_word' id='word_1_215' title='bbox 365 2345 461 2406; x_wconf 92' lang='lat' dir='ltr'>maior</span> <span class='ocrx_word' id='word_1_216' title='bbox 472 2355 549 2407; x_wconf 88' lang='lat' dir='ltr'>osset</span> <span class='ocrx_word' id='word_1_217' title='bbox 561 2354 649 2425; x_wconf 90' lang='lat' dir='ltr'>atque</span> <span class='ocrx_word' id='word_1_218' title='bbox 664 2346 865 2424; x_wconf 82' lang='lat' dir='ltr'>longinquior,</span> <span class='ocrx_word' id='word_1_219' title='bbox 882 2364 970 2405; x_wconf 90' lang='lat' dir='ltr'>omne</span> <span class='ocrx_word' id='word_1_220' title='bbox 986 2345 1076 2404; x_wconf 90' lang='lat' dir='ltr'>animi</span> <span class='ocrx_word' id='word_1_221' title='bbox 1087 2345 1132 2404; x_wconf 93' lang='lat' dir='ltr'>lu-</span> 
     </span>
    </p>
   </div>
   <div class='ocr_carea' id='block_1_3' title="bbox 56 2526 1134 3948">
    <p class='ocr_par' dir='ltr' id='par_1_7' title="bbox 56 2526 1134 3948">
     <span class='ocr_line' id='line_1_26' title="bbox 57 2526 1133 2592; baseline -0.001 -13"><span class='ocrx_word' id='word_1_222' title='bbox 57 2526 202 2592; x_wconf 87' lang='lat' dir='ltr'>entspricbt</span> <span class='ocrx_word' id='word_1_223' title='bbox 219 2526 298 2578; x_wconf 82' lang='lat' dir='ltr'>schbn</span> <span class='ocrx_word' id='word_1_224' title='bbox 311 2526 369 2578; x_wconf 86' lang='lat' dir='ltr'>dem</span> <span class='ocrx_word' id='word_1_225' title='bbox 381 2527 570 2591; x_wconf 73' lang='lat' dir='ltr'>allmihlicheu,</span> <span class='ocrx_word' id='word_1_226' title='bbox 658 2531 696 2579; x_wconf 80' lang='lat' dir='ltr'>to.</span> <span class='ocrx_word' id='word_1_227' title='bbox 715 2543 775 2578; x_wconf 80' lang='lat' dir='ltr'>oum</span> <span class='ocrx_word' id='word_1_228' title='bbox 793 2528 859 2579; x_wconf 82' lang='lat' dir='ltr'>host.</span> <span class='ocrx_word' id='word_1_229' title='bbox 873 2527 1038 2577; x_wconf 79' lang='lat' dir='ltr'>clandestina</span> <span class='ocrx_word' id='word_1_230' title='bbox 1053 2527 1133 2578; x_wconf 88' lang='lat' dir='ltr'>collo-</span> 
     </span>
     <span class='ocr_line' id='line_1_27' title="bbox 56 2593 1132 2662; baseline 0 -16"><span class='ocrx_word' id='word_1_231' title='bbox 56 2594 161 2647; x_wconf 85' lang='lat' dir='ltr'>saulten</span> <span class='ocrx_word' id='word_1_232' title='bbox 177 2593 377 2646; x_wconf 86' lang='lat' dir='ltr'>llinschwinden</span> <span class='ocrx_word' id='word_1_233' title='bbox 399 2595 443 2647; x_wconf 88' lang='lat' dir='ltr'>des</span> <span class='ocrx_word' id='word_1_234' title='bbox 462 2595 571 2648; x_wconf 84' lang='lat' dir='ltr'>Greises.</span> <span class='ocrx_word' id='word_1_235' title='bbox 622 2598 693 2662; x_wconf 83' lang='lat' dir='ltr'>quia.</span> <span class='ocrx_word' id='word_1_236' title='bbox 704 2594 750 2646; x_wconf 81' lang='lat' dir='ltr'>llic</span> <span class='ocrx_word' id='word_1_237' title='bbox 760 2594 795 2645; x_wconf 90' lang='lat' dir='ltr'>im</span> <span class='ocrx_word' id='word_1_238' title='bbox 805 2594 907 2646; x_wconf 84' lang='lat' dir='ltr'>Ganzen</span> <span class='ocrx_word' id='word_1_239' title='bbox 917 2594 1132 2661; x_wconf 81' lang='lat' dir='ltr'>uugewohnliche</span> 
     </span>
     <span class='ocr_line' id='line_1_28' title="bbox 93 2661 1133 2730; baseline 0.002 -18"><span class='ocrx_word' id='word_1_240' title='bbox 93 2663 109 2727; x_wconf 58' lang='grc' dir='ltr'><em>ᾗ</em></span> <span class='ocrx_word' id='word_1_241' title='bbox 133 2664 174 2714; x_wconf 84' lang='grc'>39.</span> <span class='ocrx_word' id='word_1_242' title='bbox 208 2661 338 2714; x_wconf 82' lang='lat' dir='ltr'>britter</span> <span class='ocrx_word' id='word_1_243' title='bbox 363 2661 569 2730; x_wconf 87' lang='lat' dir='ltr'>llaupttheil.</span> <span class='ocrx_word' id='word_1_244' title='bbox 620 2661 1133 2728; x_wconf 77' lang='lat' dir='ltr'>TerhiudunguonSubstantivenunter</span> 
     </span>
     <span class='ocr_line' id='line_1_29' title="bbox 56 2728 1132 2798; baseline -0.001 -16"><span class='ocrx_word' id='word_1_245' title='bbox 56 2729 108 2782; x_wconf 79' lang='lat' dir='ltr'>llus</span> <span class='ocrx_word' id='word_1_246' title='bbox 126 2728 296 2782; x_wconf 84' lang='lat' dir='ltr'>Greisenalter</span> <span class='ocrx_word' id='word_1_247' title='bbox 315 2729 397 2783; x_wconf 85' lang='lat' dir='ltr'>bietct</span> <span class='ocrx_word' id='word_1_248' title='bbox 414 2729 490 2784; x_wconf 80' lang='lat' dir='ltr'>hcine</span> <span class='ocrx_word' id='word_1_249' title='bbox 508 2730 570 2783; x_wconf 87' lang='lat' dir='ltr'>Ver·</span> <span class='ocrx_word' id='word_1_250' title='bbox 621 2729 742 2782; x_wconf 85' lang='lat' dir='ltr'>einander</span> <span class='ocrx_word' id='word_1_251' title='bbox 759 2730 838 2783; x_wconf 88' lang='lat' dir='ltr'>durch</span> <span class='ocrx_word' id='word_1_252' title='bbox 856 2730 897 2782; x_wconf 88' lang='lat' dir='ltr'>die</span> <span class='ocrx_word' id='word_1_253' title='bbox 914 2730 1132 2798; x_wconf 58' lang='grc' dir='ltr'><strong>1115535111)οεί-</strong></span> 
     </span>
     <span class='ocr_line' id='line_1_30' title="bbox 57 2796 1133 2881; baseline 0.002 -33"><span class='ocrx_word' id='word_1_254' title='bbox 57 2801 215 2865; x_wconf 76' lang='lat' dir='ltr'>gndguugen</span> <span class='ocrx_word' id='word_1_255' title='bbox 232 2798 283 2849; x_wconf 91' lang='lat' dir='ltr'>und</span> <span class='ocrx_word' id='word_1_256' title='bbox 300 2796 422 2851; x_wconf 82' lang='lat' dir='ltr'>Gendsse.</span> <span class='ocrx_word' id='word_1_257' title='bbox 457 2799 570 2851; x_wconf 85' lang='lat' dir='ltr'>Erwide-</span> <span class='ocrx_word' id='word_1_258' title='bbox 624 2799 676 2879; x_wconf 79' lang='lat' dir='ltr'>tipn</span> <span class='ocrx_word' id='word_1_259' title='bbox 688 2799 722 2850; x_wconf 90' lang='lat' dir='ltr'>ist</span> <span class='ocrx_word' id='word_1_260' title='bbox 733 2799 774 2850; x_wconf 87' lang='lat' dir='ltr'>bei</span> <span class='ocrx_word' id='word_1_261' title='bbox 787 2797 1058 2881; x_wconf 71' lang='lat' dir='ltr'>Terbalsuhstantiven</span> <span class='ocrx_word' id='word_1_262' title='bbox 1071 2799 1133 2862; x_wconf 87' lang='lat' dir='ltr'>(wie</span> 
     </span>
     <span class='ocr_line' id='line_1_31' title="bbox 56 2863 1133 3000; baseline -0.007 -16"><span class='ocrx_word' id='word_1_263' title='bbox 56 2863 571 3000; x_wconf 60' lang='lat' dir='ltr'>lalalllllnlltttlltalltlt</span> <span class='ocrx_word' id='word_1_264' title='bbox 621 2866 1044 2999; x_wconf 67' lang='grc' dir='ltr'><strong>1111111111ὶῖ11111111</strong></span> <span class='ocrx_word' id='word_1_265' title='bbox 1052 2867 1133 2984; x_wconf 59' lang='lat' dir='ltr'>ibt]</span> 
     </span>
     <span class='ocr_line' id='line_1_32' title="bbox 56 2998 1133 3067; baseline -0.001 -15"><span class='ocrx_word' id='word_1_266' title='bbox 56 3002 156 3053; x_wconf 85' lang='lat' dir='ltr'>besscr!</span> <span class='ocrx_word' id='word_1_267' title='bbox 622 3000 754 3067; x_wconf 75' lang='lat' dir='ltr'>gesprach,</span> <span class='ocrx_word' id='word_1_268' title='bbox 767 3001 791 3051; x_wconf 93' lang='lat' dir='ltr'>d.</span> <span class='ocrx_word' id='word_1_269' title='bbox 801 3001 817 3051; x_wconf 93' lang='lat' dir='ltr'>i.</span> <span class='ocrx_word' id='word_1_270' title='bbox 830 3000 1032 3052; x_wconf 75' lang='lat' dir='ltr'>verrhtherische</span> <span class='ocrx_word' id='word_1_271' title='bbox 1043 2998 1133 3052; x_wconf 88' lang='lat' dir='ltr'>Unter-</span> 
     </span>
     <span class='ocr_line' id='line_1_33' title="bbox 93 3065 1133 3148; baseline -0.002 -29"><span class='ocrx_word' id='word_1_272' title='bbox 93 3071 117 3120; x_wconf 87' lang='grc'>5.</span> <span class='ocrx_word' id='word_1_273' title='bbox 134 3069 273 3135; x_wconf 76' lang='lat' dir='ltr'>Archytae</span> <span class='ocrx_word' id='word_1_274' title='bbox 290 3067 439 3120; x_wconf 80' lang='lat' dir='ltr'>Tarentini.</span> <span class='ocrx_word' id='word_1_275' title='bbox 474 3065 572 3148; x_wconf 69' lang='lat' dir='ltr'>Archy·</span> <span class='ocrx_word' id='word_1_276' title='bbox 622 3068 794 3134; x_wconf 85' lang='lat' dir='ltr'>handlungen‚</span> <span class='ocrx_word' id='word_1_277' title='bbox 806 3067 1133 3121; x_wconf 74' lang='lat' dir='ltr'>venitberischesllinvcr-</span> 
     </span>
     <span class='ocr_line' id='line_1_34' title="bbox 57 3133 759 3199; baseline -0.001 -11"><span class='ocrx_word' id='word_1_278' title='bbox 57 3140 99 3195; x_wconf 79' lang='lat' dir='ltr'>tas</span> <span class='ocrx_word' id='word_1_279' title='bbox 116 3150 168 3186; x_wconf 89' lang='lat' dir='ltr'>von</span> <span class='ocrx_word' id='word_1_280' title='bbox 180 3133 275 3188; x_wconf 84' lang='lat' dir='ltr'>Tarcnt</span> <span class='ocrx_word' id='word_1_281' title='bbox 291 3136 317 3187; x_wconf 91' lang='lat' dir='ltr'>in</span> <span class='ocrx_word' id='word_1_282' title='bbox 334 3135 511 3199; x_wconf 82' lang='lat' dir='ltr'>Untcritalien,</span> <span class='ocrx_word' id='word_1_283' title='bbox 529 3151 571 3188; x_wconf 83' lang='lat' dir='ltr'>em</span> <span class='ocrx_word' id='word_1_284' title='bbox 622 3135 759 3188; x_wconf 71' lang='lat' dir='ltr'>standniss.</span> 
     </span>
     <span class='ocr_line' id='line_1_35' title="bbox 58 3201 1133 3272; baseline -0.001 -18"><span class='ocrx_word' id='word_1_285' title='bbox 58 3203 226 3269; x_wconf 81' lang='lat' dir='ltr'>Teitgenosse</span> <span class='ocrx_word' id='word_1_286' title='bbox 249 3204 294 3255; x_wconf 86' lang='lat' dir='ltr'>des</span> <span class='ocrx_word' id='word_1_287' title='bbox 318 3202 404 3265; x_wconf 81' lang='lat' dir='ltr'>Plato,</span> <span class='ocrx_word' id='word_1_288' title='bbox 430 3203 571 3272; x_wconf 89' lang='lat' dir='ltr'>Philosoph</span> <span class='ocrx_word' id='word_1_289' title='bbox 658 3207 698 3257; x_wconf 77' lang='lat'>12.</span> <span class='ocrx_word' id='word_1_290' title='bbox 711 3204 793 3255; x_wconf 82' lang='lat' dir='ltr'>libido</span> <span class='ocrx_word' id='word_1_291' title='bbox 806 3204 959 3269; x_wconf 76' lang='lat' dir='ltr'>uoluptatis.</span> <span class='ocrx_word' id='word_1_292' title='bbox 976 3201 1079 3267; x_wconf 82' lang='lat' dir='ltr'>Libido,</span> <span class='ocrx_word' id='word_1_293' title='bbox 1092 3202 1133 3254; x_wconf 89' lang='lat' dir='ltr'>die</span> 
     </span>
     <span class='ocr_line' id='line_1_36' title="bbox 57 3269 1133 3339; baseline 0 -17"><span class='ocrx_word' id='word_1_294' title='bbox 57 3285 106 3322; x_wconf 82' lang='lat' dir='ltr'>ans</span> <span class='ocrx_word' id='word_1_295' title='bbox 123 3270 168 3323; x_wconf 87' lang='lat' dir='ltr'>der</span> <span class='ocrx_word' id='word_1_296' title='bbox 180 3270 274 3323; x_wconf 88' lang='lat' dir='ltr'>Schule</span> <span class='ocrx_word' id='word_1_297' title='bbox 287 3271 332 3322; x_wconf 82' lang='lat' dir='ltr'>des</span> <span class='ocrx_word' id='word_1_298' title='bbox 343 3269 504 3339; x_wconf 85' lang='lat' dir='ltr'>Pythagoras</span> <span class='ocrx_word' id='word_1_299' title='bbox 518 3273 571 3337; x_wconf 79' lang='lat' dir='ltr'>(um</span> <span class='ocrx_word' id='word_1_300' title='bbox 623 3272 684 3324; x_wconf 90' lang='lat' dir='ltr'>Lust</span> <span class='ocrx_word' id='word_1_301' title='bbox 701 3272 797 3336; x_wconf 81' lang='lat' dir='ltr'>(libet),</span> <span class='ocrx_word' id='word_1_302' title='bbox 822 3271 867 3323; x_wconf 87' lang='lat' dir='ltr'>das</span> <span class='ocrx_word' id='word_1_303' title='bbox 884 3270 971 3321; x_wconf 87' lang='lat' dir='ltr'>blinde</span> <span class='ocrx_word' id='word_1_304' title='bbox 989 3269 1133 3335; x_wconf 80' lang='lat' dir='ltr'>Verlangen</span> 
     </span>
     <span class='ocr_line' id='line_1_37' title="bbox 59 3338 1133 3416; baseline -0.002 -24"><span class='ocrx_word' id='word_1_305' title='bbox 59 3341 147 3392; x_wconf 74' lang='lat' dir='ltr'>dccv.</span> <span class='ocrx_word' id='word_1_306' title='bbox 161 3338 237 3400; x_wconf 68' lang='lat' dir='ltr'>Cha).</span> <span class='ocrx_word' id='word_1_307' title='bbox 267 3338 326 3404; x_wconf 84' lang='lat' dir='ltr'>Vgl.</span> <span class='ocrx_word' id='word_1_308' title='bbox 339 3338 396 3391; x_wconf 86' lang='lat' dir='ltr'>lior.</span> <span class='ocrx_word' id='word_1_309' title='bbox 410 3355 486 3392; x_wconf 85' lang='lat' dir='ltr'>carm.</span> <span class='ocrx_word' id='word_1_310' title='bbox 499 3340 516 3402; x_wconf 89' lang='lat'>1,</span> <span class='ocrx_word' id='word_1_311' title='bbox 530 3343 571 3393; x_wconf 77' lang='grc'>18.</span> <span class='ocrx_word' id='word_1_312' title='bbox 586 3338 600 3416; x_wconf 50' lang='grc' dir='ltr'>’χ</span> <span class='ocrx_word' id='word_1_313' title='bbox 623 3341 656 3391; x_wconf 86' lang='lat' dir='ltr'>im</span> <span class='ocrx_word' id='word_1_314' title='bbox 685 3338 843 3406; x_wconf 81' lang='lat' dir='ltr'>Gegensatzc</span> <span class='ocrx_word' id='word_1_315' title='bbox 870 3354 928 3389; x_wconf 85' lang='lat' dir='ltr'>zum</span> <span class='ocrx_word' id='word_1_316' title='bbox 952 3338 1133 3406; x_wconf 81' lang='lat' dir='ltr'>vernunltigen</span> 
     </span>
     <span class='ocr_line' id='line_1_38' title="bbox 94 3405 1134 3473; baseline 0.004 -17"><span class='ocrx_word' id='word_1_317' title='bbox 94 3422 162 3471; x_wconf 79' lang='lat' dir='ltr'>quoe</span> <span class='ocrx_word' id='word_1_318' title='bbox 180 3408 249 3458; x_wconf 85' lang='lat' dir='ltr'>mihi</span> <span class='ocrx_word' id='word_1_319' title='bbox 266 3407 370 3458; x_wconf 84' lang='lat' dir='ltr'>tradita</span> <span class='ocrx_word' id='word_1_320' title='bbox 387 3411 433 3471; x_wconf 80' lang='lat' dir='ltr'>est,</span> <span class='ocrx_word' id='word_1_321' title='bbox 451 3423 471 3458; x_wconf 94' lang='lat' dir='ltr'>s.</span> <span class='ocrx_word' id='word_1_322' title='bbox 490 3423 511 3458; x_wconf 93' lang='lat' dir='ltr'>c.</span> <span class='ocrx_word' id='word_1_323' title='bbox 532 3409 572 3473; x_wconf 81' lang='lat'>12,</span> <span class='ocrx_word' id='word_1_324' title='bbox 623 3406 732 3469; x_wconf 78' lang='lat' dir='ltr'>willera,</span> <span class='ocrx_word' id='word_1_325' title='bbox 751 3406 882 3457; x_wconf 78' lang='lat' dir='ltr'>voluntas.</span> <span class='ocrx_word' id='word_1_326' title='bbox 917 3405 1048 3472; x_wconf 74' lang='lat' dir='ltr'>Voluptas</span> <span class='ocrx_word' id='word_1_327' title='bbox 1065 3407 1134 3459; x_wconf 82' lang='lat' dir='ltr'>steht</span> 
     </span>
     <span class='ocr_line' id='line_1_39' title="bbox 58 3472 1133 3541; baseline -0.001 -15"><span class='ocrx_word' id='word_1_328' title='bbox 58 3473 75 3541; x_wconf 81' lang='lat'>§</span> <span class='ocrx_word' id='word_1_329' title='bbox 92 3477 133 3526; x_wconf 84' lang='grc'>41.</span> <span class='ocrx_word' id='word_1_330' title='bbox 623 3476 658 3528; x_wconf 89' lang='lat' dir='ltr'>im</span> <span class='ocrx_word' id='word_1_331' title='bbox 670 3474 778 3527; x_wconf 86' lang='lat' dir='ltr'>Verlaul</span> <span class='ocrx_word' id='word_1_332' title='bbox 793 3474 837 3525; x_wconf 84' lang='lat' dir='ltr'>der</span> <span class='ocrx_word' id='word_1_333' title='bbox 854 3472 924 3524; x_wconf 88' lang='lat' dir='ltr'>Rede</span> <span class='ocrx_word' id='word_1_334' title='bbox 941 3473 1002 3525; x_wconf 90' lang='lat' dir='ltr'>bald</span> <span class='ocrx_word' id='word_1_335' title='bbox 1019 3474 1054 3526; x_wconf 90' lang='lat' dir='ltr'>im</span> <span class='ocrx_word' id='word_1_336' title='bbox 1072 3475 1133 3526; x_wconf 85' lang='lat' dir='ltr'>wei-</span> 
     </span>
     <span class='ocr_line' id='line_1_40' title="bbox 93 3540 1132 3607; baseline 0 -13"><span class='ocrx_word' id='word_1_337' title='bbox 93 3545 117 3594; x_wconf 84' lang='lat' dir='ltr'>d.</span> <span class='ocrx_word' id='word_1_338' title='bbox 131 3557 190 3592; x_wconf 73' lang='lat' dir='ltr'>mom</span> <span class='ocrx_word' id='word_1_339' title='bbox 203 3557 282 3592; x_wconf 77' lang='lat' dir='ltr'>essem</span> <span class='ocrx_word' id='word_1_340' title='bbox 294 3542 448 3594; x_wconf 72' lang='lat' dir='ltr'>adulescens</span> <span class='ocrx_word' id='word_1_341' title='bbox 462 3540 574 3593; x_wconf 76' lang='lat' dir='ltr'>Tarenti</span> <span class='ocrx_word' id='word_1_342' title='bbox 624 3548 695 3594; x_wconf 86' lang='lat' dir='ltr'>teren</span> <span class='ocrx_word' id='word_1_343' title='bbox 713 3542 792 3593; x_wconf 90' lang='lat' dir='ltr'>Siune</span> <span class='ocrx_word' id='word_1_344' title='bbox 812 3540 993 3607; x_wconf 68' lang='lat' dir='ltr'>„Tergnbgem</span> <span class='ocrx_word' id='word_1_345' title='bbox 1017 3541 1132 3594; x_wconf 81' lang='lat' dir='ltr'>(lenuss“</span> 
     </span>
     <span class='ocr_line' id='line_1_41' title="bbox 59 3608 1133 3729; baseline -0.001 -68"><span class='ocrx_word' id='word_1_346' title='bbox 59 3624 121 3661; x_wconf 81' lang='lat' dir='ltr'>eum</span> <span class='ocrx_word' id='word_1_347' title='bbox 139 3609 169 3673; x_wconf 77' lang='lat' dir='ltr'>Q.</span> <span class='ocrx_word' id='word_1_348' title='bbox 186 3609 314 3675; x_wconf 72' lang='lat' dir='ltr'>Monimo,</span> <span class='ocrx_word' id='word_1_349' title='bbox 332 3626 353 3664; x_wconf 89' lang='lat' dir='ltr'>s.</span> <span class='ocrx_word' id='word_1_350' title='bbox 372 3626 393 3662; x_wconf 93' lang='lat' dir='ltr'>c.</span> <span class='ocrx_word' id='word_1_351' title='bbox 412 3613 437 3675; x_wconf 86' lang='lat'>4,</span> <span class='ocrx_word' id='word_1_352' title='bbox 456 3609 476 3729; x_wconf 57' lang='grc' dir='ltr'>ἱ</span> <span class='ocrx_word' id='word_1_353' title='bbox 492 3613 530 3662; x_wconf 84' lang='lat' dir='ltr'>lt).</span> <span class='ocrx_word' id='word_1_354' title='bbox 623 3608 789 3672; x_wconf 78' lang='lat' dir='ltr'>(namentlicb</span> <span class='ocrx_word' id='word_1_355' title='bbox 801 3609 818 3675; x_wconf 63' lang='grc' dir='ltr'><strong>ξ</strong></span> <span class='ocrx_word' id='word_1_356' title='bbox 830 3611 881 3673; x_wconf 80' lang='grc'><strong>16),</strong></span> <span class='ocrx_word' id='word_1_357' title='bbox 899 3609 959 3662; x_wconf 87' lang='lat' dir='ltr'>bald</span> <span class='ocrx_word' id='word_1_358' title='bbox 976 3610 1010 3661; x_wconf 90' lang='lat' dir='ltr'>im</span> <span class='ocrx_word' id='word_1_359' title='bbox 1023 3624 1133 3675; x_wconf 83' lang='lat' dir='ltr'>engeren</span> 
     </span>
     <span class='ocr_line' id='line_1_42' title="bbox 94 3677 957 3744; baseline -0.003 -15"><span class='ocrx_word' id='word_1_360' title='bbox 94 3679 374 3743; x_wconf 59' lang='lat' dir='ltr'>conmonefacere</span> <span class='ocrx_word' id='word_1_361' title='bbox 394 3677 573 3744; x_wconf 76' lang='lat' dir='ltr'>istahbngig</span> <span class='ocrx_word' id='word_1_362' title='bbox 625 3677 778 3740; x_wconf 84' lang='lat' dir='ltr'>,Wollust“.</span> <span class='ocrx_word' id='word_1_363' title='bbox 955 3687 957 3692; x_wconf 88' lang='lat'>·</span> 
     </span>
     <span class='ocr_line' id='line_1_43' title="bbox 58 3745 1089 3811; baseline -0.001 -15"><span class='ocrx_word' id='word_1_364' title='bbox 58 3759 112 3797; x_wconf 85' lang='lat' dir='ltr'>von</span> <span class='ocrx_word' id='word_1_365' title='bbox 122 3746 226 3811; x_wconf 81' lang='lat' dir='ltr'>auidae,</span> <span class='ocrx_word' id='word_1_366' title='bbox 235 3760 290 3797; x_wconf 88' lang='lat' dir='ltr'>was</span> <span class='ocrx_word' id='word_1_367' title='bbox 299 3761 329 3798; x_wconf 86' lang='lat' dir='ltr'>zu</span> <span class='ocrx_word' id='word_1_368' title='bbox 341 3746 464 3797; x_wconf 75' lang='lat' dir='ltr'>libidines</span> <span class='ocrx_word' id='word_1_369' title='bbox 473 3746 572 3811; x_wconf 81' lang='lat' dir='ltr'>gehdrt.</span> <span class='ocrx_word' id='word_1_370' title='bbox 658 3748 699 3799; x_wconf 81' lang='lat' dir='ltr'>m.</span> <span class='ocrx_word' id='word_1_371' title='bbox 717 3745 780 3794; x_wconf 82' lang='lat' dir='ltr'>dom</span> <span class='ocrx_word' id='word_1_372' title='bbox 797 3769 830 3789; x_wconf 88' lang='lat'>=</span> <span class='ocrx_word' id='word_1_373' title='bbox 849 3746 985 3811; x_wconf 82' lang='lat' dir='ltr'>quamdiu,</span> <span class='ocrx_word' id='word_1_374' title='bbox 1020 3760 1089 3796; x_wconf 81' lang='lat' dir='ltr'>nom.</span> 
     </span>
     <span class='ocr_line' id='line_1_44' title="bbox 59 3763 1131 3880; baseline 0.001 -17"><span class='ocrx_word' id='word_1_375' title='bbox 59 3842 94 3851; x_wconf 84' lang='lat'>-</span> <span class='ocrx_word' id='word_1_376' title='bbox 104 3813 324 3880; x_wconf 64' lang='lat' dir='ltr'>adprobandum</span> <span class='ocrx_word' id='word_1_377' title='bbox 336 3814 374 3866; x_wconf 93' lang='lat' dir='ltr'>als</span> <span class='ocrx_word' id='word_1_378' title='bbox 385 3813 476 3879; x_wconf 78' lang='lat' dir='ltr'>object</span> <span class='ocrx_word' id='word_1_379' title='bbox 486 3815 519 3866; x_wconf 90' lang='lat' dir='ltr'>ist</span> <span class='ocrx_word' id='word_1_380' title='bbox 528 3829 574 3864; x_wconf 87' lang='lat' dir='ltr'>oo·</span> <span class='ocrx_word' id='word_1_381' title='bbox 657 3813 728 3864; x_wconf 83' lang='lat' dir='ltr'>nihil</span> <span class='ocrx_word' id='word_1_382' title='bbox 745 3815 852 3877; x_wconf 76' lang='lat' dir='ltr'>agitare</span> <span class='ocrx_word' id='word_1_383' title='bbox 868 3819 962 3865; x_wconf 80' lang='lat' dir='ltr'>mento.</span> <span class='ocrx_word' id='word_1_384' title='bbox 996 3763 1054 3878; x_wconf 48' lang='lat' dir='ltr'>Tgl.</span> <span class='ocrx_word' id='word_1_385' title='bbox 1073 3826 1094 3863; x_wconf 89' lang='lat' dir='ltr'>c.</span> <span class='ocrx_word' id='word_1_386' title='bbox 1109 3815 1131 3874; x_wconf 79' lang='lat'>7,</span> 
     </span>
     <span class='ocr_line' id='line_1_45' title="bbox 57 3881 1016 3948; baseline -0.002 -16"><span class='ocrx_word' id='word_1_387' title='bbox 57 3881 164 3947; x_wconf 78' lang='lat' dir='ltr'>luptatc</span> <span class='ocrx_word' id='word_1_388' title='bbox 175 3897 221 3934; x_wconf 87' lang='lat' dir='ltr'>aus</span> <span class='ocrx_word' id='word_1_389' title='bbox 233 3882 379 3948; x_wconf 77' lang='lat' dir='ltr'>uoluptatis</span> <span class='ocrx_word' id='word_1_390' title='bbox 394 3898 425 3934; x_wconf 86' lang='lat' dir='ltr'>zu</span> <span class='ocrx_word' id='word_1_391' title='bbox 438 3883 572 3948; x_wconf 73' lang='lat' dir='ltr'>ergdnzen.</span> <span class='ocrx_word' id='word_1_392' title='bbox 624 3881 641 3948; x_wconf 62' lang='grc'><strong>5</strong></span> <span class='ocrx_word' id='word_1_393' title='bbox 660 3884 706 3934; x_wconf 79' lang='lat'>23:</span> <span class='ocrx_word' id='word_1_394' title='bbox 723 3881 874 3933; x_wconf 76' lang='lat' dir='ltr'>studiorum</span> <span class='ocrx_word' id='word_1_395' title='bbox 891 3884 1016 3947; x_wconf 79' lang='lat' dir='ltr'>agitatio.</span> 
     </span>
    </p>
   </div>
   <div class='ocr_carea' id='block_1_4' title="bbox 113 3968 930 4018">
    <p class='ocr_par' dir='ltr' id='par_1_8' title="bbox 113 3968 930 4018">
     <span class='ocr_line' id='line_1_46' title="bbox 113 3968 930 4018; baseline 0.004 -5"><span class='ocrx_word' id='word_1_396' title='bbox 113 3971 167 4016; x_wconf 82' lang='lat' dir='ltr'>cato</span> <span class='ocrx_word' id='word_1_397' title='bbox 180 3973 257 4018; x_wconf 81' lang='lat' dir='ltr'>htator.</span> <span class='ocrx_word' id='word_1_398' title='bbox 283 3975 303 4016; x_wconf 79' lang='grc'>1.</span> <span class='ocrx_word' id='word_1_399' title='bbox 318 3973 372 4015; x_wconf 79' lang='lat' dir='ltr'>dud.</span> <span class='ocrx_word' id='word_1_400' title='bbox 913 3968 930 4016; x_wconf 91' lang='grc'>4</span> 
     </span>
    </p>
   </div>
   <div class='ocr_carea' id='block_1_5' title="bbox 0 0 1316 4402">
    <p class='ocr_par' dir='ltr' id='par_1_9' title="bbox 0 0 1316 4402">
     <span class='ocr_line' id='line_1_47' title="bbox 0 0 1316 4402; baseline 0 0"><span class='ocrx_word' id='word_1_401' title='bbox 0 0 1316 4402; x_wconf 95' lang='lat' dir='ltr'> </span> 
     </span>
    </p>
   </div>
  </div>
 </body>
</html>
