2610 4402
357 238 443 291 caro
460 237 572 290 usion.
612 254 634 292 c.
652 239 710 305 aa
732 240 839 292 rs-ao.
1101 235 1140 295 35

67 431 132 473 sare
148 431 230 473 nune
245 411 354 485 videor,
371 429 439 471 oum
454 410 530 470 bella
543 429 604 471 non
621 428 702 489 gero.
733 410 909 486 resonatur,
926 428 999 488 quae
1015 412 1075 473 sint
1090 431 1141 492 ge-

67 499 175 571 renda,
199 495 385 576 praescribo,
409 505 439 555 et
454 494 617 573 quomodo;
640 494 814 573 Karthagini
829 494 904 555 male
919 495 975 554 iam
994 495 1045 555 diu
1059 498 1139 575 cogi·

67 583 141 643 tanti
162 582 272 642 bellum
294 581 387 641 multo
410 587 477 640 ante
500 579 662 655 denuntio;
685 580 721 640 de
737 597 795 658 qua
811 579 904 639 vereri
921 599 982 640 non
1006 589 1073 641 ante
1089 581 1140 642 de·

66 667 169 741 sinam,
186 684 273 744 quam
285 664 362 725 illam
380 665 538 726 exscissam
554 683 617 725 esse
632 682 810 743 cognovero.
841 668 888 724 19.
905 665 1000 734 Quam
1014 666 1141 744 palmam

27 761 43 811 5
65 752 177 812 utinam
193 750 232 810 dii
244 750 433 821 immortales,
450 749 560 828 Scipio,
576 749 629 809 tibi
641 757 800 823 reservent,
817 757 850 808 ut
862 749 907 808 avi
922 748 1060 828 reliquias
1071 769 1140 830 per·

66 836 207 915 sequarei
228 835 312 895 cuius
326 853 342 895 a
357 842 453 895 morte
469 834 592 913 quintus
606 833 655 893 hic
670 841 699 893 et
713 833 880 894 tricesimus
895 851 992 895 annus
1007 845 1065 912 est;
1089 835 1140 897 sed

65 921 238 982 memoriam
260 919 338 980 illius
352 920 405 980 viri
425 937 528 980 omnes
543 918 692 998 excipient
707 918 778 979 anni
794 928 1021 996 consequentes.
1052 921 1139 981 Anno

66 1014 134 1066 ante
149 1024 197 1066 me
213 1022 367 1066 censorem
383 1011 517 1065 mortuus
532 1012 591 1078 est,
614 1003 717 1064 decem
732 1003 818 1064 annis
833 1011 901 1082 post
915 1021 1014 1064 meum
1030 1023 1140 1067 oonsu-

64 1091 166 1165 latum,
182 1108 250 1150 cum
265 1089 370 1150 consul
385 1089 492 1149 iterum
504 1107 550 1148 rue
567 1087 688 1149 consule
704 1096 820 1150 oreatus
834 1095 920 1148 esset.
950 1087 1027 1149 Num
1041 1090 1140 1168 igitur,

10 1182 42 1234 to
63 1176 87 1237 si
99 1175 136 1236 ad
150 1166 344 1236 centesimum
357 1192 469 1234 annum
480 1173 606 1248 vixisset,
618 1173 779 1235 senectutis
791 1191 859 1234 eum
870 1189 940 1234 suae
955 1173 1140 1251 paeniteret?

64 1260 126 1321 Nec
141 1259 221 1320 enim
243 1259 419 1320 excursione
434 1277 490 1319 nec
504 1258 580 1320 saltu
594 1277 651 1319 nec
674 1258 789 1318 eminus
802 1257 893 1318 hastis
907 1265 957 1317 aut
974 1260 1140 1321 comminus

64 1344 166 1424 gladiis
180 1352 322 1416 uteretur,
338 1344 389 1404 sed
402 1343 535 1416 consilio,
549 1342 673 1417 ratione,
689 1343 845 1404 sententia.
876 1342 957 1413 Quae
973 1343 1029 1404 nisi
1041 1353 1140 1406 essent

63 1430 95 1488 in
111 1428 248 1503 senibus,
271 1446 334 1488 uon
350 1446 497 1489 summum
514 1427 669 1488 consilium
684 1427 811 1487 maiores
834 1428 928 1488 nostri
943 1429 1141 1507 appellassent

63 1521 209 1574 senatum.
238 1517 288 1574 10.
304 1512 391 1592 Apud
408 1512 656 1573 lacedaemonios
670 1512 790 1590 quidem
804 1511 838 1586 ii,
863 1511 913 1589 qui
930 1513 1138 1591 amplissimum

10 1605 39 1658 15
61 1598 264 1678 magistratum
278 1606 401 1677 gerunt,
417 1605 451 1657 ut
465 1605 544 1671 sunt,
560 1594 602 1658 sic
618 1597 705 1657 etiarn
720 1596 913 1657 nominantur
928 1615 1023 1657 senes.
1054 1598 1139 1668 Quod

64 1683 88 1744 si
110 1683 209 1762 legere
230 1692 281 1744 aut
302 1683 402 1743 audire
424 1682 528 1743 voletis
550 1690 689 1755 externa,
717 1681 857 1742 maximas
879 1699 927 1741 res
949 1681 1081 1760 publicas
1103 1683 1139 1743 ab

63 1767 302 1829 adulescentibus
327 1767 526 1841 labefactatas,
555 1785 570 1825 a
594 1766 715 1828 senibus
742 1774 920 1827 sustentatas
942 1774 971 1825 et
992 1769 1141 1829 restitutas

62 1852 227 1932 reperietis.

153 1936 241 2007 Cedo,
263 1941 312 2017 qut
331 1947 531 1997 castratorem
550 1935 696 2016 publicam
710 1944 823 1996 toletam
838 1936 973 1995 omisistis
988 1939 1047 1994 tout
1063 1935 1140 1997 cito?

61 2071 143 2134 Legat
165 2083 226 2120 war.
261 2066 320 2120 Von
342 2068 425 2120 einem
448 2067 577 2135 Feldxuge
628 2067 704 2119 Zama
723 2067 829 2118 erlocht.
865 2066 952 2132 Scipio
970 2065 1015 2117 cler
1028 2066 1140 2134 lingere

62 2137 108 2189 (lec
127 2134 245 2187 Tiberius
266 2135 431 2202 Sempronius
454 2136 480 2186 in
498 2135 577 2187 Thra·
629 2135 706 2188 sollte
718 2136 756 2186 sie
769 2150 833 2201 ganz
842 2134 999 2186 vemichten.
1026 2134 1083 2187 Urul
1095 2136 1140 2188 das

62 2206 120 2257 cien
132 2202 185 2271 und
197 2218 237 2254 am
249 2202 328 2255 lstros
342 2207 398 2268 194,
413 2204 439 2254 in
451 2204 576 2255 walchem
629 2203 748 2269 geschalr.
778 2203 852 2253 Aous
863 2203 897 2253 ist
910 2218 944 2265 er,
960 2201 1072 2255 insolern
1085 2205 1139 2257 sein

62 2273 126 2324 Cato
144 2271 209 2322 nach
227 2269 294 2322 Plut.
308 2270 371 2323 (lato
389 2270 516 2338 retegat
534 2287 578 2337 ge·
629 2271 700 2323 Sohn
711 2270 760 2322 den
773 2286 813 2322 am
823 2270 1142 2337 Gesprichebetheiligten

61 2354 151 2392 wesen
175 2338 231 2390 sein
252 2338 317 2400 soll,
341 2339 466 2390 berichtei
489 2339 575 2391 Livius
631 2338 717 2406 Scipio
737 2338 850 2405 adoptirt
866 2338 946 2391 hatte.

63 2408 156 2460 niehts
662 2410 687 2459 6.
705 2409 829 2472 quintus,
854 2421 882 2456 so
909 2406 943 2456 ist
965 2410 1027 2455 stati
1046 2409 1142 2456 tertius

99 2473 205 2538 consul,
231 2474 286 2525 195.
322 2471 380 2538 Vgl.
399 2488 420 2524 c.
442 2476 480 2537 10,
500 2475 515 2540 ᾖ
535 2476 576 2526 32.
627 2489 659 2525 zu
679 2475 757 2538 lesen,
776 2488 852 2524 wenn
870 2472 919 2522 wir
936 2471 1047 2524 nichtG.
1067 2473 1140 2525 einen

100 2547 122 2595 1.
145 2556 218 2591 nunc
242 2568 277 2577 -
295 2555 370 2605 mem,
395 2541 485 2607 ,jetxt‚
509 2547 577 2592 wo“.
628 2539 1064 2606 argenRechenfehlerunierlegen
1078 2542 1142 2593 wol-

63 2610 122 2677 Vgl.
141 2624 162 2660 e.
181 2611 205 2673 6,
224 2607 240 2673 ξ
261 2611 301 2660 15.
627 2609 679 2662 len.
722 2608 767 2660 Die
795 2607 901 2674 Angabe
929 2610 1024 2658 tertius
1049 2609 1140 2662 stinde

99 2682 123 2730 2.
140 2676 209 2727 maa
220 2704 253 2713 -
266 2677 406 2741 cogitanti,
420 2673 530 2736 ,Uebles
542 2675 576 2726 im
627 2677 674 2728 mit
696 2677 763 2728 allen
789 2676 897 2741 ubrigen
916 2675 961 2728 (les
978 2675 1082 2742 Dialogs
1104 2677 1140 2729 im

63 2746 143 2798 Sinne
161 2743 275 2795 sithien‘.
311 2742 369 2809 Vgl.
387 2744 456 2795 mole
478 2742 576 2804 faeere.
628 2743 817 2811 Witlerspruch.
853 2742 955 2795 Ebenso
979 2744 1063 2796 istim
1082 2745 1140 2797 Fol-

99 2815 122 2867 3.
140 2812 225 2862 molto
239 2815 308 2874 ante,
327 2812 375 2863 elre
388 2825 417 2862 es
434 2811 576 2877 geschieht
628 2812 728 2878 genden
744 2827 838 2863 siccem
850 2811 876 2862 in
888 2810 976 2862 decem
987 2812 1140 2865 verbessert.

62 2881 123 2946 Vgl.
141 2895 163 2931 c.
184 2881 223 2944 14,
242 2878 258 2944 ᾖ
277 2881 318 2930 49.
662 2883 686 2930 8.
705 2884 767 2930 ante
783 2895 824 2929 me
843 2894 985 2944 censorem,
1005 2883 1061 2932 tet.

98 2948 235 3011 detestatio,
253 2961 272 2997 s.
286 2944 406 2997 Plutarch
419 2944 482 2996 Galo
495 2960 516 2996 c.
530 2947 575 2997 27:
663 2951 702 2999 11.
726 2963 775 2996 nec
801 2948 871 2995 enim
898 2949 1057 2997 accensione
1083 2963 1139 3014 sqq.

63 3012 139 3067 δοκεῖ
160 3009 193 3064 ‹ie'
213 3031 260 3079 μοι
282 3015 327 3062 καὶ
352 3006 516 3079 Καρχηδόνα
539 3009 577 3078 μὴ
627 3013 677 3065 Das
690 3016 759 3063 enim
777 3012 920 3077 begrcindet
936 3012 977 3063 die
996 3013 1065 3063 nicht
1083 3029 1140 3079 aus-

63 3083 143 3136 εῖναι.
169 3081 229 3145 Ego
242 3097 303 3132 vero
323 3096 422 3145 censeo,
436 3079 578 3144 Carthagi·
627 3081 802 3149 gesprocltene
812 3080 1141 3147 negativeBeantwortung

62 3166 124 3202 nmo
147 3165 201 3199 erse
218 3149 368 3213 dcundum,
392 3148 443 3198 soll
467 3162 494 3199 er
512 3151 576 3199 stete
628 3148 672 3201 der
694 3149 788 3215 Frage:
824 3147 896 3199 Num
920 3177 952 3185 -
973 3151 1141 3214 paeniteret?

61 3216 233 3282 hinzngeiugt
255 3217 351 3281 haben,
375 3231 450 3267 wenn
469 3230 496 3267 er
513 3216 577 3267 uber
626 3210 710 3282 ‘Nein,
729 3217 795 3268 deno
814 3231 883 3267 zuar
900 3216 970 3267 nieht
989 3255 995 3266 .
1014 3256 1020 3267 .
1039 3210 1053 3266 .'

62 3283 153 3353 irgend
164 3283 264 3335 welche
272 3283 475 3348 Angelegenlreit
486 3284 520 3334 im
531 3282 577 3335 Se·
663 3287 703 3337 15.
720 3287 760 3335 sic
777 3287 858 3334 etiam
868 3286 1044 3335 cornicantur
1058 3302 1140 3351 senes,

63 3359 110 3407 nat
127 3352 198 3405 seina
215 3349 337 3417 Meinung
354 3350 445 3418 abgab.
627 3355 757 3423 γέροντες.
799 3351 845 3402 Die
863 3350 983 3417 Genusia,
1006 3351 1050 3403 der
1073 3352 1140 3405 Rath

99 3425 124 3473 i.
141 3423 173 3470 ut
191 3424 236 3469 aaa·
258 3420 389 3485 reliquiae
408 3434 577 3538 peraequare,
628 3420 673 3472 der
687 3420 774 3484 Alton,
791 3418 900 3470 bestantl
918 3434 964 3470 aus
984 3421 1015 3472 18
1033 3420 1078 3471 aul
1094 3420 1140 3472 Le-

67 3490 143 3553 ,dass
152 3486 186 3538 (lu
195 3486 340 3554 beandigst,
355 3501 409 3538 was
419 3485 477 3537 dein

64 3561 139 3610 vater
156 3569 189 3605 zu
205 3554 268 3605 thun
285 3555 361 3620 fibrig
373 3554 489 3619 gelassent
506 3555 576 3606 hat‘t
628 3555 688 3607 dem
704 3555 821 3606 Vorsitze
839 3554 883 3605 ‹ler
900 3554 991 3606 beiden
1010 3554 1117 3622 llinige.

63 3624 94 3677 P.
114 3621 245 3675 Cornelius
264 3620 351 3689 Scipio
368 3622 503 3673 Africanus
524 3637 578 3673 ma·
665 3626 704 3675 tc.
727 3627 852 3686 esterna,
878 3622 1045 3684 ,Geschichte
1069 3624 1139 3675 nicht

64 3696 105 3746 ior
121 3691 194 3743 hatte
211 3692 297 3742 xoerst
314 3688 355 3741 die
372 3688 445 3741 llrait
463 3689 507 3741 der
520 3690 579 3741 Gar-
628 3690 767 3742 romischer
779 3688 909 3741 Staaten“.
928 3689 985 3756 Vgl.
999 3695 1054 3754 ct,
1067 3690 1139 3757 512:

64 3757 399 3839 thaqiniensergebrochen,
407 3757 493 3809 indem
503 3773 530 3810 er
539 3757 577 3810 sie
628 3774 683 3809 non
701 3758 887 3809 domestico
905 3759 990 3808 solum
1002 3759 1049 3808 sed
1059 3762 1139 3808 etiam

64 3831 93 3881 in
117 3826 198 3878 threna
220 3826 327 3892 eigenen
345 3824 429 3877 Laude
446 3825 579 3892 belrriegte
630 3831 770 3876 externa
789 3826 864 3876 bella.

65 3895 120 3951 und
143 3893 193 3946 den
217 3891 431 3946 entecheitlenden
454 3892 515 3960 Sieg
536 3893 578 3944 bei
666 3895 705 3947 19.
718 3893 963 3960 cedoquivestram
976 3894 1080 3957 -cito,
1098 3892 1138 3942 ein

896 3976 933 4018 ἐξ*

508 3502 576 3539 ross·
628 3489 743 3540 benszeit
755 3486 901 3553 gewahlten
911 3485 1048 3552 Geronten,
1064 3493 1140 3540 unter
