2610 4402
74 834 450 945 ABWEICHUNGEN
470 850 564 943 VON
582 851 676 941 unu
700 849 974 944 HALllSGllEN
1001 852 1148 943 ruxru

74 1121 225 1182 Ciceronis
239 1121 308 1182 libri
320 1122 371 1200 qui
387 1122 422 1181 ad
437 1118 653 1199 philosophiam
668 1129 697 1180 et
712 1121 746 1180 ad
763 1139 826 1182 rem
841 1120 990 1200 publicam
1005 1128 1149 1201 spectant.

432 1222 488 1282 vol.
505 1221 551 1282 lV.
583 1221 682 1282 'lurioi
701 1223 790 1286 1861.

536 1391 688 1400 m—

289 1507 370 1560 Halm.

75 1625 97 1661 c.
111 1610 160 1674 1,§
190 1611 213 1662 2.
227 1612 254 1659 et
270 1625 311 1660 me
332 1610 416 1676 ipsum

227 1675 325 1728 laudari
345 1678 408 1728 satis
426 1676 502 1742 digne

145 1744 161 1811 ς
192 1746 214 1795 3.
228 1742 294 1808 Geus

262 1811 395 1864 attribuito

75 1896 97 1932 o.
109 1880 162 1946 2‚§
191 1883 216 1932 4.
229 1895 282 1931 rem
300 1879 369 1931 hand
386 1894 447 1932 sane
457 1877 543 1943 Scipio
562 1884 587 1930 et

262 1945 480 2028 Laelidillieilem

228 2031 289 2068 ase
306 2030 370 2083 rpsrs

228 2084 260 2134 iis

228 2151 389 2216 putavissent

145 2285 161 2352 ὅ
191 2290 205 2337 5
228 2218 507 2338 puamdootogesimum

209 2326 214 2338 .
238 2300 299 2339 erun
319 2301 361 2338 um

230 2353 269 2405 dis

80 2420 165 2486 o.3‚§
196 2424 219 2473 6.
232 2420 437 2487 ingrediundum·

148 2490 163 2552 5
195 2491 218 2542 8.
231 2489 288 2556 opis

229 2571 391 2623 nequaquam
403 2556 429 2606 in
441 2555 492 2607 isto
503 2555 588 2608 omnia

230 2625 251 2675 si
269 2622 434 2704 Atheniensis
452 2636 523 2675 esses

145 2759 215 2825 aa.
228 2697 492 2825 uitiantur

146 2829 162 2891 ἓ
177 2829 215 2878 12.
229 2826 292 2878 nihil
310 2830 350 2878 est
368 2826 540 2878 admirabilius

229 2895 265 2946 ita
283 2898 337 2946 tum
355 2894 446 2960 cupide
465 2893 567 2946 fruebar

78 3034 135 3094 aab,
147 3031 163 3096 ᾗ
177 3033 217 3084 13.
230 3033 322 3097 quarto
340 3029 507 3095 nonagesimo

78 3097 258 3164 e.6‚§16.et
285 3101 371 3150 tamen
401 3097 482 3164 ipsius
512 3096 589 3164 Appii

265 3168 348 3217 exstat
366 3166 456 3219 oratio.

232 3231 590 3353 “armenam

267 3368 359 3430 luisse;
379 3315 405 3419 egt
423 3371 507 3419 lamen
526 3368 588 3420 sica

265 3436 381 3504 patribus
398 3436 543 3502 accepimus

231 3503 413 3571 septemdecim
431 3503 505 3555 annis

145 3641 161 3704 ᾖ
178 3642 214 3692 ll.
228 3643 273 3690 aut
289 3639 419 3691 eeleritate

145 3707 162 3772 i
177 3710 215 3759 18.
228 3707 339 3758 excisam

145 3777 160 3839 ς
175 3774 318 3827 litterum
336 3775 378 3827 hic
396 3777 422 3826 et
444 3776 589 3828 tricesimus

265 3858 347 3895 annus

129 3933 182 3978 cato
197 3933 272 3979 llaior.
299 3937 319 3978 9.
333 3936 387 3978 Auss.

796 1506 995 1559 Sommerbrodt.

639 1613 664 1660 et
677 1624 717 1660 me
731 1609 808 1660 etiam
826 1610 910 1675 ipsum
922 1609 994 1673 (Cod.
1003 1610 1149 1672 Latomiae)

639 1677 715 1741 digne
733 1677 796 1728 satis
815 1676 912 1728 laudari
929 1677 1024 1742 (Laid.)

639 1743 698 1796 Cius
713 1745 799 1809 'tebius
816 1745 902 1808 Leid.)

638 1811 664 1864 id
682 1812 787 1864 tribuito
806 1813 901 1876 (Laid.)

638 1894 691 1931 rem
709 1880 777 1932 haud
796 1895 857 1931 sane
869 1879 1009 1945 difficilem,
1023 1879 1109 1947 Scipio
1124 1887 1151 1934 et

671 1947 741 1998 Laeli
759 1947 854 2012 (Laid.)

638 2030 659 2094 a.
671 2030 699 2066 se
717 2015 767 2080 ipsi
784 2014 880 2080 (Laid.)

638 2098 675 2134 ers

638 2154 772 2218 putassent
790 2151 884 2217 (Laid.)

639 2234 725 2338 puamd
733 2219 756 2269 si
774 2220 959 2286 octogesimum
977 2219 1070 2284 (Laid.)

649 2300 709 2338 eren
727 2301 769 2338 um

639 2354 688 2404 diis
704 2353 800 2419 (Laid.)

639 2420 831 2485 ingrediendum

529 2516 532 2520 ·
640 2503 703 2554 opes

641 2555 1152 2624 nequaquaministosuntomnialbeid.)

640 2625 662 2676 si
680 2623 845 2675 Atheniensis
862 2623 958 2688 (Laid.)

641 2691 766 2813 lilith
779 2692 1028 2826 hillidii·

641 2827 703 2879 nihil
721 2827 894 2879 admirabilius
912 2827 1008 2891 (Laid.)

640 2895 676 2945 ita
697 2893 789 2960 cupide
813 2893 915 2945 fruebar
939 2898 993 2946 tum
1011 2895 1153 2946 Mommsen

674 2963 720 3025 (ita
738 2960 830 3028 cupide
849 2961 979 3014 fruebatur
997 2962 1080 3028 Laid.)

642 3033 732 3096 quarto
751 3034 777 3080 et
795 3029 961 3148 nonagesimo
978 3031 1074 3097 (Laid.)

642 3097 718 3149 etiam
748 3097 830 3164 ipsius
881 3098 934 3165 ppii
961 3102 1046 3151 exstat
1071 3098 1154 3152 oratio

676 3165 705 3218 d.
720 3165 841 3231 Wagner

641 3249 672 3285 ex
699 3249 750 3301 quo
780 3233 939 3299 intellegitur
965 3232 1057 3302 Pyrrhi
1085 3235 1154 3288 bello

676 3300 797 3368 grandem
815 3317 877 3353 sane
894 3301 974 3353 luisse
994 3318 1067 3369 eum,
1089 3304 1155 3358 sieut

675 3385 689 3421 a
715 3368 829 3488 pptrihus
852 3371 998 3437 accepimus
1024 3372 1155 3424 Somnior-

674 3440 723 3489 ὀνο
743 3441 762 3488 t.

641 3506 751 3572 septimo
779 3504 878 3557 decimo
906 3520 972 3559 anno
1000 3512 1059 3574 post
1083 3509 1155 3572 (God,

675 3572 895 3637 renaugiensis)

642 3644 696 3704 [aut
714 3640 854 3704 celeritate]

641 3709 780 3761 exscissam
796 3708 953 3779 Lahmeyer.

641 3775 745 3844 quintus
763 3776 806 3828 hic
822 3783 849 3830 et
866 3780 1010 3832 tricesimus
1028 3794 1109 3830 annus

930 3933 945 3983 6
