2610 4402
159 226 201 288 78
468 228 555 281 CATO
572 227 684 284 timon
718 245 741 282 c.
759 231 801 293 23,
818 231 929 284 82-84.

159 403 257 476 vitam,
273 420 368 463 essem
383 400 619 463 terminaturus?
633 402 740 462 Nonne
755 402 861 463 melius
871 401 966 463 multo
980 402 1093 477 luisset,
1109 403 1235 465 otiosam

158 497 190 548 et
211 487 340 566 qrrietam
361 496 485 548 aetatem
508 488 573 548 sine
595 487 656 548 ullo
670 496 721 547 aut
735 487 835 548 labore
850 497 902 547 aut
916 488 1111 548 contentione
1132 489 1235 550 uadu-

159 570 249 633 cere?
271 573 329 633 Sed
351 573 452 633 nemin
473 573 624 651 quomodo
645 573 762 632 animus
784 572 902 650 erigens
918 591 950 633 se
971 573 1173 652 posteritatem
1194 574 1234 634 ita

158 676 277 738 semper
290 657 503 737 prospiciebat,
527 657 626 735 quasi,
642 676 711 717 cum
726 657 899 719 excessisset
913 676 930 718 e
944 657 1011 730 vita,
1027 667 1090 718 tum
1104 659 1234 736 denique

158 742 290 804 victurus
305 751 391 804 esset.
422 741 507 812 Quod
524 742 642 820 quidem
658 742 690 802 ni
705 741 745 802 ita
759 761 792 803 se
807 741 943 816 haberet,
959 752 991 802 ut
1006 742 1097 802 animi
1111 743 1234 803 immor-
1254 753 1271 803 5

158 827 231 888 tales
245 835 353 901 essent,
368 828 446 889 haud
462 827 565 907 optimi
580 827 724 905 cuiusque
740 827 856 888 animus
870 828 996 888 maxime
1011 829 1048 888 ad
1062 827 1234 888 immortali-

157 921 249 974 tatem
263 921 293 973 et
306 911 430 991 gloriam
446 913 600 973 niteretur.
630 916 675 973 83.
700 912 792 987 Quid,
808 914 888 991 quod
902 912 1137 992 sapientissimus
1151 913 1234 991 quis·

159 1016 217 1076 que
232 997 408 1076 aequissimo
422 997 522 1057 animo
536 997 678 1071 moritur,
695 997 886 1059 stultissimus
900 995 1107 1076 iniqiussimo?
1130 1015 1233 1058 nonne

157 1082 241 1143 vobis
255 1082 372 1142 videtur
386 1083 411 1143 is
425 1082 550 1156 animus,
566 1083 616 1160 qui
631 1083 699 1163 plus
714 1091 817 1143 cernat
832 1091 862 1144 et
875 1083 1011 1162 longius,
1026 1083 1133 1156 ridere,
1148 1101 1181 1143 se
1196 1081 1232 1142 ad

158 1167 280 1228 meliora
291 1167 449 1247 proficisci,
464 1168 513 1228 ille
524 1176 632 1241 autem,
643 1168 729 1229 cuius
740 1167 874 1229 obtusior
885 1168 924 1229 sit
934 1167 1021 1240 acies,
1037 1187 1100 1229 non
1111 1164 1234 1227 videre?
1254 1176 1285 1226 tu

157 1251 304 1330 Equidem
325 1253 435 1312 efferor
447 1253 545 1314 studio
560 1259 659 1332 patres
673 1261 802 1326 vestros,
825 1272 901 1331 quos
923 1252 1002 1314 colui
1016 1261 1046 1312 et
1064 1251 1168 1326 dilexi,
1189 1252 1232 1312 vi-

157 1337 262 1411 dendi;
278 1355 376 1414 neque
391 1356 460 1397 vero
476 1356 527 1398 eos
542 1338 638 1398 solum
653 1339 813 1399 convenire
830 1357 910 1412 aveo,
930 1356 1005 1416 quos
1019 1337 1082 1416 ipse
1097 1337 1232 1416 cognovi,
1297 1365 1301 1375 ·

157 1422 208 1482 sed
224 1421 290 1482 illos
305 1422 409 1497 etiam,
433 1423 469 1482 de
484 1422 592 1500 quibus
610 1423 706 1483 audivi
721 1432 751 1482 et
764 1423 822 1501 legi
837 1431 867 1483 et
881 1423 944 1502 ipse
959 1421 1134 1500 conscripsi.
1165 1421 1232 1490 Quo

158 1506 277 1584 quidem
292 1525 339 1566 me
359 1508 597 1586 proficiscentem
619 1509 697 1568 haud
711 1526 782 1568 sane
800 1508 885 1568 facile
901 1509 967 1586 quis
981 1507 1152 1580 retraxerit,
1176 1525 1232 1566 nec

156 1600 307 1669 tamquam
322 1591 432 1652 Peliam
448 1592 607 1667 reooxerit3
624 1602 667 1667 et,
684 1593 708 1653 si
723 1593 790 1670 quis
805 1594 879 1654 deus
894 1592 965 1653 mihi
978 1592 1132 1670 largiatur,
1149 1599 1183 1652 ut
1196 1609 1232 1652 ex
1252 1600 1280 1650 15

156 1676 211 1736 hac
226 1685 320 1736 aetate
334 1693 541 1756 repuerascam
558 1686 587 1737 et
602 1677 632 1737 in
649 1678 735 1738 cunis
748 1678 877 1756 vagiam,
898 1677 980 1737 valde
1003 1695 1151 1749 recusem,
1176 1694 1232 1736 neo

156 1779 226 1821 vero
253 1761 338 1821 velim
364 1763 447 1839 quasi
469 1763 594 1823 decurso
616 1763 711 1842 spatio
733 1763 769 1823 ad
791 1780 926 1823 carceres
948 1781 964 1822 a
984 1761 1066 1822 calce
1088 1761 1230 1821 revocari.

156 1850 203 1908 84.
221 1845 298 1917 Quid
312 1845 393 1906 enim
403 1846 461 1905 rita
472 1847 559 1907 hahet
573 1845 743 1908 commouit
759 1847 830 1926 quid
842 1866 903 1907 non
915 1846 1014 1926 potius
1024 1842 1156 1906 laboris?
1173 1845 1232 1905 Sed

155 1930 263 1991 haheat
277 1949 364 2005 sane;
379 1931 468 1992 habet
488 1941 568 1994 certe
583 1940 681 1993 tamen
696 1941 746 1993 aut
761 1933 924 1992 satietatem
939 1941 989 1992 aut
1003 1931 1133 1992 modum.
1163 1930 1230 1990 Non

155 2015 238 2076 lubet
253 2016 333 2076 enim
347 2017 419 2077 mihi
434 2016 588 2096 deplorare
602 2018 705 2090 utam,
721 2018 801 2095 quod
816 2017 900 2077 multi
916 2025 946 2077 et
960 2017 979 2076 ii
994 2016 1073 2076 docti
1088 2033 1177 2094 saepe
1187 2016 1231 2075 le·
1253 2023 1280 2074 tu

157 2109 278 2174 cerunt3
291 2119 444 2178 nequeme
455 2103 561 2163 vixisse
572 2103 712 2182 paenitet,
723 2102 864 2180 quoniam
876 2102 915 2162 ita
927 2101 992 2174 viai,
1006 2110 1037 2160 ut
1045 2119 1107 2160 non
1119 2101 1231 2161 frustra

191 2269 215 2320 3.
233 2271 322 2316 noeeio
334 2268 474 2332 quomodo,
494 2268 521 2318 in
533 2269 608 2320 einen
620 2267 668 2320 Be-

156 2334 217 2399 griff
231 2333 433 2399 verschmolaen,
452 2335 513 2396 „aul
522 2336 668 2401 unbegreil-

154 2402 222 2454 liche
236 2401 348 2465 Weise“‚
361 2402 597 2465 ,unwillkdrlich“;
611 2403 667 2456 des-

155 2469 215 2521 halb
243 2470 310 2522 ohne
333 2469 444 2522 Einlluss
472 2471 518 2523 aul
539 2472 580 2523 die
602 2472 667 2524 Gon-

154 2539 288 2590 struction.

188 2609 213 2658 4.
240 2622 300 2657 euru
326 2610 479 2658 recusaret
501 2624 515 2657 e
537 2610 595 2659 uita
619 2623 667 2669 ,zu

155 2673 200 2725 der
216 2673 280 2737 Zeit,
298 2678 356 2725 wo“
376 2713 383 2726 .
401 2711 409 2725 .
427 2714 434 2726 .
452 2675 504 2741 vgl.
522 2677 582 2738 cl,
601 2675 617 2740 5
636 2678 665 2726 4:

155 2755 215 2791 cam
232 2740 390 2801 effluxisset

189 2810 213 2858 6.
241 2807 278 2857 od
302 2807 532 2859 immortalitatem
558 2815 584 2859 et
606 2810 666 2873 glo-

153 2877 233 2936 riam,
259 2872 476 2927 Uusterbliehkeit
505 2875 556 2928 und
582 2875 665 2928 Ruhm

154 2942 178 2995 d.
191 2943 208 2995 i.
227 2942 414 2995 Nachruhm.

189 3012 212 3064 8.
240 3014 330 3062 animo
348 3039 381 3049 -
398 3014 580 3077 iniquissimo,
604 3014 666 3074 ,mit

153 3077 303 3143 Unmutlr“,
339 3078 482 3158 Gegensatz
511 3096 543 3131 zu
573 3084 664 3132 auimo

153 3151 403 3276 αθξῗιῖἳῖιῗὶίὲξῖξ
418 3147 664 3268 ἰίὶιιιὲξιιιθῗιὶῗὲεὲετει]

152 3281 272 3345 Zustand,
290 3283 316 3333 in
334 3283 391 3334 eine
410 3283 512 3335 bessere
529 3282 608 3336 Well.

123 3380 125 3385 ·
188 3352 228 3401 11.
255 3351 354 3413 efferor
377 3352 467 3402 studio
491 3379 525 3389 -
547 3352 664 3417 riumodi,

154 3416 210 3478 ,ich
228 3416 299 3469 lfihle
316 3419 384 3469 mich
402 3419 519 3484 gehoben
531 3419 610 3471 dmch
623 3420 664 3472 die

153 3484 298 3536 Sehnsucht
316 3526 321 3538 .
340 3524 348 3538 .
366 3491 388 3538 .“

170 3555 227 3632 ‚13¹
246 3555 301 3618 ipra
319 3558 473 3621 contempsi,
497 3556 522 3606 iu
540 3554 591 3608 den
610 3554 664 3607 Ori·

152 3635 232 3686 grues.

186 3705 239 3755 qao
257 3688 370 3753 quidem,
389 3705 408 3740 s.
426 3706 458 3742 zu
471 3707 493 3742 c.
511 3695 535 3754 l,
553 3693 569 3756 ἓ
589 3695 627 3744 ld.

187 3761 227 3810 15.
246 3761 382 3821 tamquam
399 3759 499 3809 Peliam
519 3762 663 3825 reccaredi,

152 3827 193 3875 ein
210 3825 318 3877 lrrthum
338 3824 454 3878 Cicero’s.
483 3825 560 3878 Niclrt
578 3827 663 3880 Pelias

152 3893 240 3944 wurde
267 3909 319 3944 von
341 3891 431 3945 Medea
457 3896 585 3960 verjdngt,
604 3911 663 3947 son·

719 2269 780 2320 dern
819 2269 910 2320 dessen
944 2266 1103 2320 llalbbruder
1135 2267 1230 2328 Aeson,

717 2335 813 2388 lason's
831 2336 917 2390 Vater.
951 2335 1036 2388 Pelias
1054 2334 1142 2386 wurde
1165 2334 1230 2386 nach

719 2403 763 2456 der
780 2403 917 2455 Rdcldiehr
934 2404 979 2456 des
990 2403 1065 2456 lason
1076 2417 1129 2454 von
1140 2402 1229 2454 aeinen

718 2472 826 2538 eigeuen
838 2471 967 2524 'lochtern
984 2471 1030 2523 aul
1039 2470 1169 2522 Anstilten
1186 2469 1232 2521 der

717 2539 815 2603 llledea,
828 2541 870 2592 die
881 2539 924 2591 ilm
938 2539 1063 2591 cheulalls
1074 2538 1154 2590 durch
1167 2537 1232 2589 Zau-

718 2608 787 2659 berei
806 2609 947 2674 verjdngen
965 2624 997 2659 zu
1015 2607 1111 2658 wollen
1122 2605 1229 2670 vorgab,

717 2675 847 2727 nerstdclrt
869 2675 921 2728 und
939 2675 1064 2741 gelsucht,
1082 2675 1149 2726 ohne
1167 2674 1230 2724 wie-

717 2743 762 2794 der
788 2744 829 2794 ins
855 2744 940 2795 Leben
967 2742 1171 2808 zurdcllgerulen
1196 2757 1229 2792 zu

717 2811 828 2862 werden.
876 2810 949 2863 Ovld.
981 2810 1150 2877 Metamorph.
1178 2807 1229 2874 llll,

750 2951 782 2996 ut
803 2963 838 2997 aaa
860 2949 911 2996 liae
929 2950 1017 2996 aetate
1033 2959 1231 3010 repuerascam,

716 3014 775 3065 dass
800 3014 854 3077 ich,
875 3015 944 3078 jetzt
961 3014 1003 3065 ein
1021 3012 1108 3078 dreis,
1132 3011 1231 3064 wieder

716 3083 758 3134 ein
775 3081 842 3133 llind
859 3081 954 3134 werde.

751 3153 790 3201 17.
810 3150 921 3200 decurro
940 3153 1080 3215 spatio-
1096 3152 1231 3200 revocari.

717 3217 847 3284 Spatium,
871 3217 916 3269 der
933 3217 1015 3270 Raum
1037 3217 1064 3268 in
1082 3217 1126 3269 der
1144 3216 1230 3268 Reon-

715 3285 792 3338 bahn.
834 3286 973 3350 Carceres,
1001 3284 1042 3337 die
1070 3284 1230 3348 Sclrraulien,

715 3353 800 3404 hinter
817 3353 933 3405 welchen
951 3352 992 3404 die
1003 3353 1085 3404 Rosse
1102 3352 1157 3404 und
1168 3351 1232 3403 Wa-

716 3435 766 3487 gen
783 3436 841 3472 zum
859 3421 965 3472 Rennen
981 3420 1164 3472 bereitstehen.

751 3491 790 3541 20.
809 3490 889 3539 mariti
900 3517 932 3528 -
945 3489 1026 3540 docti.
1048 3487 1082 3539 So
1094 3487 1232 3554 Hegesias,

714 3571 757 3607 um
767 3559 816 3610 280
826 3572 851 3609 v.
862 3557 928 3622 Chr,
945 3572 996 3608 von
1014 3557 1073 3607 dem
1086 3556 1138 3610 Cic.
1151 3554 1231 3610 Tusc.

714 3624 732 3688 l,
740 3640 760 3677 c.
769 3628 810 3689 34,
822 3626 891 3704 ξ84ε
909 3625 1088 3676 Eira-liber
1100 3628 1140 3674 eat
1149 3618 1231 3676 Ἀπο-

713 3693 1233 3812 ἕέἔᾶῑὶρξΐιὲἴὲᾱῗηῗ’ἵᾶἴίῗῗῗ,”ἷ1

715 3830 824 3890 amicis,
854 3831 950 3893 pacibus
969 3829 1134 3895 respondeas
1156 3831 1233 3880 vitae

715 3898 848 3948 damonae
866 3903 1005 3948 enumerat
1019 3897 1202 3950 incommoda.
