2610 4402
303 215 388 269 cara
405 214 516 268 umen.
552 231 574 267 c.
596 219 635 278 aa,
655 215 670 282 s
690 218 790 269 ec-as
807 244 843 255 -
860 231 882 269 c.
903 218 941 282 n,
960 216 976 283 s
992 219 1035 270 aa.
1160 212 1197 271 61

128 390 273 469 copiaque
288 408 387 450 rerum
404 389 553 463 omnium,
577 407 652 468 qnae
671 389 706 450 ad
720 388 830 450 victum
845 388 1014 463 bominum,
1037 391 1072 449 ad
1089 390 1200 451 cultum

128 475 215 535 etiam
230 475 353 535 deorum
368 476 530 554 pertinent,
545 482 587 547 ut,
603 474 743 552 quoniam
755 474 827 535 haec
842 474 958 552 quidam
974 474 1150 544 desiderant,
1170 476 1199 535 in

127 560 251 639 gratiam
272 560 331 619 iam
353 579 421 620 cum
442 560 591 638 voluptate
605 560 768 619 redeamus.
800 559 924 636 Semper
938 559 1018 619 enim
1040 557 1113 619 boni
1128 561 1201 621 assi-

127 644 237 722 duique
252 644 364 705 domini
379 646 488 705 referta
510 644 582 704 cella
597 643 723 717 vinaria,
748 643 871 718 olearia,
895 643 983 703 etiam
1004 644 1127 722 penaria
1148 655 1202 716 est,

88 739 107 790 a
128 729 253 807 villaque
267 736 329 789 tota
343 729 476 809 locuples
491 736 551 803 est;
574 728 705 788 abundat
718 746 828 806 porco,
843 729 953 802 haedo,
970 747 1063 808 agno,
1085 729 1202 808 gallina,

127 814 220 886 lacte,
237 833 333 885 caseo,
348 814 444 876 melle.
474 814 533 873 lam
549 814 667 873 bortum
679 812 734 892 ipsi
751 813 894 892 agricolae
909 814 1069 874 succidiam
1083 814 1203 874 alteram

128 898 285 977 appellant.
313 898 482 959 Conditiora
493 897 563 958 lacit
573 898 646 958 haec
662 898 886 976 supervacaneis
901 899 989 958 etiam
1001 899 1100 978 operis
1111 917 1202 959 aucu-

128 983 211 1063 pium
227 992 315 1062 atque
326 984 453 1043 venatio.
483 988 528 1043 bl.
546 982 622 1053 Quid
635 984 670 1043 de
681 991 835 1062 pratorum
846 982 990 1043 viriditate
1001 992 1051 1043 aut
1062 983 1202 1044 arborum

130 1068 286 1128 ordinibus
300 1076 351 1128 aut
364 1068 518 1128 vinearum
541 1066 750 1128 olivetorumve
765 1067 863 1145 specie
880 1067 965 1146 plura
980 1066 1095 1128 dicam?
1116 1069 1203 1128 Brevi

75 1165 106 1216 to
127 1153 310 1232 praecidam:
333 1171 403 1232 agro
426 1153 504 1213 bene
527 1152 607 1213 culto
631 1152 822 1232 nihil'potest
845 1170 908 1212 esse
932 1171 987 1212 nec
1001 1171 1059 1213 usu
1080 1152 1202 1213 uberius

129 1255 187 1298 nec
201 1237 300 1316 specie
316 1238 465 1313 ornatius;
480 1238 515 1297 ad
532 1256 619 1316 quem
636 1237 794 1298 fruendum
810 1255 872 1297 non
883 1239 971 1298 modo
988 1256 1049 1298 non
1065 1238 1201 1311 retardat,

70 1326 93 1378 .’
127 1340 231 1382 verum
254 1322 341 1382 etiam
363 1322 467 1382 invitat
488 1330 576 1400 atquc
598 1322 714 1382 allectat
735 1329 882 1382 senectus.
924 1322 982 1383 Ubi
1004 1322 1084 1383 enim
1105 1330 1203 1401 potest.

129 1406 177 1466 illa
199 1415 279 1467 aetas
302 1415 352 1467 aut
373 1407 519 1467 calescere
534 1406 580 1467 vel
602 1405 783 1485 apricatione
805 1406 910 1468 melius
931 1407 1072 1485 religni,
1095 1416 1146 1467 aut
1160 1407 1202 1466 vi-

129 1491 229 1552 cissim
250 1491 363 1569 umbris
386 1490 505 1570 aquisve
527 1491 696 1569 refrigerari
717 1489 886 1550 salubrius?
908 1496 953 1552 58.
977 1488 1053 1574 [Sibi
1075 1491 1203 1551 habeant

77 1587 107 1637 15
128 1575 218 1654 igitur
233 1594 323 1649 arma,
338 1575 394 1636 sibi
410 1594 513 1654 equos,
530 1575 585 1636 sibi
600 1576 707 1648 hastas,
722 1575 777 1635 sibi
793 1575 902 1635 clavam
918 1585 947 1636 et
961 1576 1059 1655 pilam,
1078 1575 1134 1650 sibj
1150 1594 1202 1636 na·

128 1660 256 1721 tationes
278 1669 366 1739 atque
389 1678 510 1736 cursus;
534 1660 620 1722 nobis
642 1660 763 1722 senibus
779 1678 815 1719 ex
829 1660 995 1722 lusionibus
1014 1661 1114 1722 multis
1128 1661 1203 1721 talos

128 1745 299 1824 relinquant
313 1754 343 1805 et
357 1753 500 1820 tesseras;
516 1745 544 1805 id
556 1745 653 1825 ipsum
668 1755 829 1823 utcumque
844 1744 967 1819 iubebit,
983 1746 1124 1824 quoniam
1138 1746 1202 1807 sinc

129 1829 172 1890 eis
186 1830 271 1890 beata
286 1848 349 1890 csse
366 1838 505 1890 senectus
519 1827 639 1912 potest]

216 1918 265 1975 59.
289 1915 393 1975 Multas
415 1915 450 1974 ad
472 1932 520 1974 res
540 1915 681 1993 perutiles
699 1913 906 1992 Xenophontis
927 1913 995 1973 libri
1014 1925 1100 1989 sunt,
1128 1934 1203 1994 quos
1223 1923 1255 1976 1⁷

77 2010 108 2061 a]
130 1998 227 2078 legite,
244 2018 362 2078 quaeso,
378 1999 518 2071 studiose,
533 2007 567 2059 ut
580 1999 683 2060 tacitis.
724 1997 818 2068 Quam
834 1997 953 2075 copiose
968 1999 1004 2058 ab
1021 2019 1056 2061 eo
1075 2000 1202 2081 agricul-

129 2092 195 2144 tura
218 2085 354 2145 laudatur
374 2084 405 2144 in
427 2102 462 2144 eo
485 2083 577 2157 libro,
605 2084 656 2163 qui
678 2090 722 2144 est
743 2083 779 2142 de
801 2082 912 2143 tuenda
927 2101 959 2142 re
975 2084 1126 2159 familiari,
1153 2085 1203 2164 qui

153 2269 187 2317 ³2.
205 2269 238 2315 at
264 2292 299 2304 -
328 2267 474 2318 redeamus.
521 2266 579 2333 Vgl.
609 2282 641 2317 zu
693 2264 812 2318 einladet.
847 2265 992 2333 Vogcllang
1009 2266 1062 2318 und
1078 2265 1152 2331 Jagd.

131 2349 152 2384 c.
175 2336 213 2396 15,
231 2332 247 2396 ᾗ
266 2335 307 2384 52.
526 2345 527 2348 ’
727 2337 751 2384 8.
770 2337 860 2384 arbor.
879 2335 975 2399 ordia,
992 2351 1013 2388 s.
1033 2349 1054 2384 c.
1069 2337 1108 2397 ll,
1128 2335 1144 2399 ξ
1163 2337 1203 2386 59.

164 2403 187 2453 6.
206 2403 261 2450 iam
279 2401 386 2451 barbam
404 2402 531 2469 sqqlam
549 2399 642 2452 dedolat
731 2404 768 2453 10.
799 2417 863 2464 acea,
895 2402 936 2462 ,in
966 2401 1054 2467 Bezug
1082 2400 1129 2452 aui
1155 2401 1204 2453 den

129 2468 178 2520 den
203 2466 356 2534 Uebergang
381 2483 413 2518 zu
439 2472 521 2520 etwas
544 2467 643 2525 Nauem
693 2467 827 2520 inneren
842 2467 956 2520 Wartb“.
976 2469 1080 2534 Species
1089 2468 1203 2534 dagegen

129 2551 185 2600 aus,
208 2535 331 2597 ,ternant
694 2535 739 2587 der
756 2535 1019 2587 iussereAnbliclc.
1045 2535 1070 2588 S.
1084 2552 1116 2588 zu
1128 2552 1150 2588 c,
1167 2541 1205 2600 15,

163 2603 310 2654 succidiam
350 2604 463 2654 alteram
499 2602 642 2668 appellant,
694 2603 769 2669 553.

104 2698 106 2703 ·
128 2665 196 2723 ‘eine
208 2663 478 2738 aweiteSpecliseite',
497 2670 643 2736 wegcndes
730 2673 769 2724 11.
788 2671 917 2737 adquam
934 2670 1087 2733 flatandum.
1114 2672 1206 2740 Zumpt

130 2738 292 2805 rielseitigen
303 2739 425 2803 Nutzens,
443 2739 492 2791 den
507 2737 581 2791 beide
599 2753 643 2804 ge-
694 2737 710 2804 ὅ
728 2741 787 2792 651.

117 2807 244 2864 ‚wahren
289 2807 347 2859 Wie
376 2807 573 2859 unentbebrlicb
602 2806 643 2858 die
730 2810 769 2860 14.
786 2809 966 2858 aibibabeaat
981 2810 1077 2874 igitur,
1095 2809 1206 2861 niimlich

131 2874 352 2939 Schweinezucbt,
376 2876 444 2940 zeigt
463 2874 543 2925 Varro
567 2874 598 2926 de
616 2889 643 2925 re
694 2874 736 2926 die
749 2877 849 2941 jnngen
866 2875 952 2926 Lauta.

131 2942 225 2994 rustica
243 2941 282 3006 lll,
300 2944 330 2994 l:
356 2941 420 3004 Quia
436 2941 553 3003 suadeam
571 2942 644 3006 colit,
730 2946 770 2994 15.
789 2943 899 2992 abnam.
912 2994 915 3008 ι
927 2941 1019 3007 Veget.
1036 2942 1068 2994 de
1086 2958 1113 2994 rc
1131 2943 1205 2994 milit.

130 3013 196 3076 quia
208 3010 376 3060 aueebadeat
390 3014 416 3059 et
427 3012 476 3074 qui
486 3025 542 3059 non
554 3009 644 3058 acedia·
696 3011 719 3071 2,
739 3011 783 3060 11:
803 3008 898 3060 Clavem
918 3009 1023 3074 tegnam
1038 3026 1090 3076 pro
1104 3010 1207 3075 gladiis

130 3081 170 3128 rit
180 3082 386 3144 patreanortroe
398 3078 493 3141 dicare,
515 3079 644 3141 ignavum
693 3078 828 3127 tironibus
836 3077 1040 3143 dabant-eaque
1046 3079 1207 3128 modoeaer-

131 3149 158 3195 et
167 3149 351 3210 sumptuosam
364 3163 425 3211 aare,
438 3147 486 3211 qai
497 3144 644 3195 meridiam
695 3146 825 3195 cedantur
843 3144 879 3195 ad
890 3145 977 3212 palos.

131 3217 161 3263 ia
179 3216 305 3263 carnario
329 3211 565 3276 (lleiscblcammer)
587 3228 645 3262 aaa·
731 3215 769 3264 16.
789 3213 858 3263 talos
880 3242 913 3250 —
938 3217 964 3263 et
991 3217 1109 3265 tesserae.
1147 3213 1208 3264 Tali

130 3281 255 3346 pandent
271 3284 366 3346 potius
389 3283 421 3332 ab
445 3282 551 3332 laaara'o
569 3279 645 3342 (llei—
697 3274 894 3352 (ἀστράγαλοι),
939 3280 1119 3347 urspringlicb
1161 3297 1207 3334 aus

131 3349 216 3411 sober)
234 3363 314 3414 qaam
331 3365 367 3399 aar
378 3349 520 3398 domestico
540 3347 645 3409 fando?
695 3347 911 3412 Tbierkndcbeln,
923 3348 1010 3413 opiter
1022 3363 1068 3400 aus
1080 3350 1207 3401 verschie-
1224 3407 1226 3412 A

168 3419 191 3467 ’1.
210 3416 362 3467 conditiora
384 3415 455 3477 facit
471 3417 535 3466 baec
551 3444 586 3453 -
603 3432 646 3466 aa·
696 3415 787 3468 (lenem
805 3415 893 3467 Metall
910 3414 1039 3482 gelertigt,
1061 3417 1147 3469 baltea
1161 3433 1208 3469 nur

133 3488 216 3535 natta.
253 3482 326 3534 Sinn:
354 3483 412 3535 Alle
440 3482 510 3535 diese
534 3483 580 3534 mit
601 3482 647 3534 der
698 3485 752 3536 vier
777 3484 858 3536 ebene
882 3482 1002 3545 Flamen,
1029 3486 1095 3536 awai
1121 3487 1208 3537 einan-

133 3550 365 3602 Landwirtbschalt
398 3549 565 3616 notbwendig
590 3566 646 3603 ver·
699 3550 743 3603 der
765 3550 1035 3618 gegendberstebcnde
1059 3567 1144 3605 waren
1162 3570 1208 3606 un·

134 3618 270 3670 bundenen
288 3619 410 3671 Arbeiten
427 3622 512 3684 (baec)
530 3619 646 3671 erhalteu
698 3619 763 3670 eben
799 3618 860 3670 oder
900 3619 1032 3684 gerundet.
1087 3621 1208 3674 Tesserae

134 3687 200 3738 nocb
218 3687 275 3738 eine
294 3685 386 3737 Wdrze
411 3687 489 3738 durch
512 3686 554 3738 die
575 3687 646 3738 nicht
698 3684 793 3752 (κύβοι)
816 3701 881 3753 ganz
907 3687 957 3738 wie
981 3687 1022 3740 die
1039 3689 1081 3740 bei
1099 3705 1147 3741 uns
1164 3702 1208 3753 gc-

133 3754 646 3820 nortwendigen(eapaoaeaneaqaber
698 3754 879 3806 briuablicben
896 3753 1003 3807 Wbriel.

133 3823 309 3888 angenebmen
322 3821 553 3888 Bescbaltigungen
576 3824 647 3887 (opa-
732 3823 773 3873 21.
792 3823 824 3873 de
836 3822 934 3874 tuenda
947 3839 977 3872 re
987 3822 1127 3885 familiari,
1139 3820 1208 3871 aluo

132 3894 199 3956 rae),
225 3905 257 3941 zu
283 3890 400 3941 welcben
428 3888 477 3942 den
500 3889 646 3942 Landleben
697 3885 813 3957 νομικός,
842 3905 902 3942 vom
935 3894 1013 3956 guten
1043 3887 1208 3940 llauswesen.
