2610 4402
152 212 192 273 ea
467 215 553 270 caro
570 215 681 270 nucu
717 232 739 270 e.
759 220 798 284 n,
816 217 832 284 s
851 219 893 270 ao.

148 381 387 452 ‘Oeconomicus'
412 391 600 453 inscribiturl
626 391 723 469 Atque
744 400 778 451 ut
797 390 988 469 intellegatis,
1020 390 1094 451 nihil
1115 391 1224 452 eitam
1252 442 1256 447 .

150 476 249 554 regale
263 476 369 550 videri,
396 495 484 555 qnam
500 476 629 538 studium
644 475 707 554 agri
722 475 855 548 colendi,
882 476 1018 536 Socrates
1039 475 1070 536 in
1094 494 1129 536 eo
1144 475 1235 537 libro

150 558 281 638 loquitur
292 579 361 622 cum
372 561 535 636 Critobulo,
547 561 656 640 Cyrum
667 560 823 634 minorem,
838 560 995 622 Persarum
1007 579 1118 640 regem,
1134 579 1222 640 prae-

150 653 275 706 stantem
290 646 412 725 ingenio
428 655 515 725 atque
530 645 648 725 imperii
663 645 764 724 gloria,
780 663 849 706 cnm
860 645 1013 724 Lysander
1023 645 1221 706 Lacedaemo-

98 792 116 798 ,,
150 730 232 804 nius,
258 731 302 790 vir
316 749 448 791 summae
462 730 592 805 virtutis,
618 730 747 791 venisset
761 730 797 790 ad
812 728 881 790 eum
896 731 996 790 Sardis
1010 730 1097 808 eique
1112 732 1192 792 dona
1205 750 1224 792 a
1244 741 1263 791 5

149 815 237 876 sociis
250 816 404 889 attulisset,
430 824 459 876 et
473 816 580 877 ceteris
593 815 625 876 in
641 815 731 876 rebus
745 833 934 876 communem
949 833 1020 894 erga
1034 815 1223 895 Lysandrum

149 908 237 978 atque
251 901 415 961 humanum
436 901 526 962 luisse
548 908 578 960 et
600 900 627 960 ci
643 900 792 979 quendam
814 908 1007 979 consaeptum
1029 918 1133 979 agrum
1154 900 1221 960 dili-

148 993 255 1062 genter
269 985 418 1046 consitum
434 985 608 1048 ostendisse.
653 984 726 1046 Cum
746 993 845 1045 autem
860 985 1054 1045 admiraretur
1068 985 1222 1064 Lysander

149 1078 179 1130 et
198 1069 391 1148 proceritates
412 1070 552 1131 arborum
574 1079 603 1130 et
624 1069 752 1130 directos
771 1069 802 1130 in
825 1069 1025 1148 quincuncem
1048 1069 1168 1131 ordines
1192 1079 1221 1131 et

147 1155 271 1215 humum
286 1154 437 1216 subactam
452 1164 540 1234 atque
556 1173 661 1232 puram
677 1163 706 1214 et
720 1154 891 1215 suavitatem
907 1154 1041 1229 odorum,
1065 1154 1116 1232 qui
1131 1154 1221 1216 adlla-
1243 1164 1274 1216 to

147 1248 253 1301 rentur
267 1259 283 1300 e
298 1240 430 1315 floribus,
451 1252 514 1301 tum
529 1258 597 1301 eum
612 1239 729 1312 dixisse,
750 1239 851 1298 mirari
865 1258 896 1300 se
912 1259 973 1300 non
989 1239 1078 1299 modo
1093 1239 1221 1319 diligen-

147 1325 232 1398 tiam,
255 1326 306 1385 sed
322 1325 410 1386 etiam
425 1326 583 1387 sollertiam
599 1325 676 1398 eius,
699 1343 715 1383 a
731 1342 790 1401 quo
807 1332 905 1386 essent
920 1324 968 1384 illa
983 1323 1116 1385 dimensa
1130 1333 1223 1404 atque

147 1408 302 1486 discripta;
330 1418 359 1470 et
381 1409 489 1489 Cyrum
511 1409 715 1488 respondisse:
743 1401 846 1487 ‘Atqui
867 1428 922 1488 ego
950 1409 1005 1471 ista
1031 1427 1097 1470 sum
1119 1410 1222 1471 omnia

98 1594 100 1598 ³
145 1575 191 1627 nie
209 1576 264 1628 hier
275 1576 395 1628 benihrte
408 1574 488 1626 Stelle
500 1575 568 1626 steht
581 1591 602 1628 c.
615 1574 657 1639 lV,

70 1701 72 1706 ,
146 1647 256 1697 20-25.
313 1643 423 1696 Cicero's
463 1641 657 1710 Uebersetaung

146 1712 200 1764 halt
218 1712 273 1762 sich
291 1712 361 1762 nicht
378 1717 509 1776 staengan
522 1711 571 1762 den
584 1710 656 1763 Text.

180 1783 204 1830 2.
221 1779 322 1844 regale,
349 1780 435 1840 „eines
456 1777 564 1830 Fursten
590 1783 658 1830 wur-

146 1846 218 1912 dig“,
247 1862 279 1897 zn
310 1845 503 1898 unterscheiden
539 1862 587 1899 von
616 1864 658 1897 ra-

29 1964 34 1972 ,
141 1918 228 1979 glum.

180 1982 303 2033 Socrates
327 1986 356 2033 in
379 2000 409 2033 eo
433 1984 499 2033 libro
524 1983 654 2047 loquitur.

144 2050 248 2116 Ellipse,
271 2050 374 2102 ahnlich
400 2050 444 2103 der
466 2065 488 2102 c.
513 2053 553 2113 15,
583 2050 599 2116 ᾗ
622 2054 654 2102 52

144 2119 320 2237 qnqezqigten.
354 2117 552 2236 Einansclttaltqn
576 2120 655 2236 istsin

167 2202 232 2237 ean
252 2201 305 2237 em·
329 2201 359 2236 so
389 2201 466 2238 wasse
541 2201 582 2237 ass
628 2203 655 2238 o-

142 2253 229 2304 luates
484 2225 491 2250 ³

177 2324 201 2374 3.
234 2321 332 2388 Cyrum
363 2322 507 2385 minorem,
538 2320 582 2372 der
612 2320 653 2372 ein

144 2390 214 2442 Sohn
232 2389 278 2440 des
294 2387 384 2440 Darius
401 2387 430 2453 ll,
452 2388 499 2440 mit
515 2387 591 2440 Hane
610 2387 654 2440 der

143 2457 267 2510 Griechen
302 2455 464 2522 (Xenophon)
500 2456 570 2508 seine
602 2456 653 2506 An-

142 2526 251 2593 spn‘ache
269 2523 315 2576 aul
331 2523 379 2576 den
398 2522 484 2578 Thron
521 2539 586 2590 egen
604 2525 653 2576 sei-

141 2609 191 2646 nen
208 2592 306 2645 Bmder
322 2591 476 2644 Artaxerxes
532 2591 652 2644 Mnemon

141 2660 246 2726 geltend
263 2677 295 2711 zu
314 2661 419 2712 machen
437 2660 535 2724 suchte,
552 2660 614 2712 aber
625 2660 652 2711 in

142 2728 199 2779 dem
217 2727 416 2792 unglticldichen
428 2726 530 2778 'lreffen
546 2727 588 2778 bei
601 2726 652 2779 llu-

141 2810 206 2846 naxa
224 2798 271 2847 401
293 2794 380 2846 seinen
398 2792 454 2846 Tod
472 2794 541 2846 land.

174 2865 317 2914 Persarum
328 2878 426 2927 regem,
445 2862 516 2914 nicht
533 2861 650 2928 Kdnig‚

141 2931 251 2983 sondern
279 2930 386 2994 Furat,
416 2945 462 2982 aus
491 2930 652 2998 kdniglicher

140 2999 254 3065 Familie,
277 2994 402 3065 parthis
421 2998 572 3066 Xenophon.
591 2997 651 3051 Oec.

140 3067 182 3133 IV,
206 3071 246 3122 16.
289 3066 348 3133 Vql.
371 3067 423 3120 Cic.
444 3064 515 3119 Vera.
537 3066 578 3133 IV,
601 3069 652 3119 27:

140 3135 223 3202 linger
235 3135 340 3203 Syriae,
351 3137 424 3199 regie
434 3135 563 3185 Antioaln'
579 3134 652 3197 filiae

135 3219 243 3268 pueros,
260 3206 334 3255 acide
345 3201 444 3253 Romae
458 3218 545 3267 nuper
559 3200 651 3263 fuisse.

174 3275 198 3324 4.
216 3271 355 3338 Lysander
363 3269 597 3334 Lacedaemonius,
607 3269 652 3322 der

140 3339 229 3404 Sieger
245 3354 297 3390 von
314 3339 519 3406 Aegospotamos
536 3341 594 3390 405.

174 3410 197 3460 6.
217 3422 388 3472 communem,
416 3407 465 3458 wie
492 3403 580 3458 noeros
606 3405 650 3457 der

140 3474 211 3526 nicht
232 3488 283 3524 von
304 3473 406 3526 Ande'rn
430 3474 485 3526 sich
507 3472 653 3539 absondert‚

141 3540 249 3594 sondern
267 3542 314 3592 mit
325 3542 401 3594 ihnen
414 3542 440 3593 in
454 3541 651 3608 gemeinschaft-

140 3609 232 3661 lichem
258 3608 372 3660 Verketn
398 3610 465 3675 leht,
495 3609 573 3661 daher
597 3625 650 3660 von

140 3678 220 3730 noter
238 3675 383 3728 Stelrenden
401 3676 567 3744 leutselig.
591 3676 649 3744 Vgl.

141 3747 191 3798 Cic.
210 3746 241 3797 ad
258 3744 337 3796 famil.
354 3743 395 3808 ty,
413 3746 465 3810 §2
500 3747 544 3797 An
556 3749 603 3812 qui
620 3750 650 3796 in

140 3815 215 3877 hedo,
233 3830 293 3865 cum
311 3814 429 3863 omnium
448 3818 571 3864 nostrum
590 3830 650 3865 eon-

139 3885 260 3934 iunctum
282 3885 348 3932 esset
368 3881 528 3948 periculum,
553 3899 601 3934 suo
625 3887 652 3933 et

708 1579 843 1626 certorum
865 1577 1003 1626 dominum
1024 1578 1133 1626 minima
1151 1591 1222 1642 pru·

708 1642 827 1693 dentium
860 1643 972 1693 oonsilio
1001 1648 1130 1704 uteretur,
1159 1660 1222 1695 aum

706 1713 794 1775 magis
812 1726 1007 1761 communem
1028 1711 1220 1778 („popnlirer“)

707 1793 841 1829 cameratas
874 1783 905 1829 a'n
943 1782 1058 1830 almona
1092 1777 1221 1839 futuram

706 1845 798 1907 fuine,
828 1863 908 1912 quam
928 1850 1049 1898 incertis
1081 1849 1112 1897 in
1139 1850 1221 1898 rabam

705 1913 820 1975 Metal?
853 1915 930 1980 Erga
950 1916 1000 1967 wie
1017 1916 1047 1966 in
1064 1915 1107 1966 bei
1125 1930 1220 1982 aequa·

705 1981 773 2033 bilis.
809 1981 869 2035 Tac.
882 1984 948 2034 Ann.
961 1982 1002 2047 Vl,
1021 1999 1041 2036 c.
1053 1985 1100 2036 at:
1120 1999 1220 2049 aequa·

706 2051 767 2101 bilis
783 2054 813 2100 in
829 2067 899 2103 neca.

740 2122 763 2169 l.
783 2124 953 2184 consaeptum
971 2133 1068 2182 agnem
1079 2143 1113 2164 ε
1131 2115 1218 2188 παρά·

705 2179 804 2237 darcon.
1180 2201 1183 2205 ·

739 2255 763 2305 9.
782 2253 896 2304 directos
922 2255 951 2302 in
976 2255 1152 2317 quincuncem
1174 2270 1218 2305 or-

704 2320 787 2382 diner,
817 2320 843 2369 in
871 2319 970 2371 Gestalt
998 2319 1043 2371 der
1070 2321 1218 2373 romischen

704 2386 778 2452 rant,
791 2404 820 2440 so
832 2386 892 2439 dass
899 2389 929 2452 Je
942 2391 956 2440 3
970 2388 1059 2440 immet
1071 2388 1130 2440 dem
1141 2388 1217 2440 zant-

704 2455 850 2507 zeichenV
875 2455 999 2519 gleiclten.
1040 2455 1076 2507 lm
1101 2455 1217 2522 Original

704 2522 746 2588 lv,
764 2527 811 2576 nt:
839 2520 998 2588 ἐθαύμαζεν
1022 2518 1107 2576 αὐτὸν
1124 2519 1139 2574 ὂ
1157 2522 1218 2574 Λύ-

704 2587 775 2643 σανδ
808 2607 827 2656 ε,
852 2583 888 2642 ais
908 2587 978 2642 naida
989 2593 1044 2673 μὲν
1060 2587 1096 2643 τὰ
1114 2587 1217 2661 deripe

703 2657 752 2723 airy,
775 2609 813 2711 ᾖ
836 2657 896 2710 ἴσον
918 2653 949 2710 dd
964 2678 1000 2710 τα
1017 2675 1136 2728 πεφντευ
1167 2662 1217 2725 ἀ,

702 2722 717 2778 ὀ
736 2725 784 2778 dot
807 2722 838 2778 δὲ
854 2724 883 2777 οἱ
898 2727 1067 2791 στίχοιιτῶν
1082 2679 1217 2810 deviam

702 2789 835 2914 acquiram„
845 2794 1051 2861 (geradwinklig)
1074 2791 1105 2846 δὲ
1122 2812 1217 2848 rrum

702 2881 736 2913 κα
755 2878 791 2914 ως
808 2881 831 2912 et
850 2901 856 2914 .

735 2881 848 2981 namuri
862 2933 999 2982 monetam
1010 2935 1092 2995 atque
1104 2946 1215 2997 puram.
1248 2921 1254 2932 ’

701 2997 791 3050 Ilaron
813 2999 883 3051 steht
900 2998 942 3050 bei
959 2997 1103 3064 Xenophon
1121 2998 1216 3050 nichts.

738 3071 778 3119 10.
797 3069 998 3117 centenitatem
1018 3067 1132 3117 odorum
1150 3094 1184 3104 -
1202 3085 1217 3117 e

701 3137 822 3197 floribus.
864 3134 901 3185 lm
927 3133 1041 3200 Original
1067 3128 1104 3186 eis
1128 3163 1162 3172 —
1180 3163 1216 3174 -

701 3197 785 3270 ὀσμαὶ
809 3197 840 3252 δὲ
859 3197 958 3253 πολλαὶ
980 3204 1026 3252 καὶ
1045 3196 1133 3267 ἡδεῖαι
1150 3218 1216 3268 συμ-

702 3272 905 3340 παρομαρτοῖεν
922 3264 1011 3320 αὐτοῖς
1022 3269 1215 3340 περιπατοῦσι.

738 3342 777 3390 ll.
789 3340 889 3388 mirari
898 3354 926 3387 re
938 3353 994 3404 sqq.
1007 3337 1137 3403 Xenoplt:
1155 3331 1213 3388 ἀλλ’

702 3404 756 3477 ἐγώ
785 3424 836 3468 τοι,
867 3393 890 3456 ὦ
920 3405 1006 3475 Κῦρε,
1041 3399 1135 3456 πάντα
1164 3407 1216 3470 μὲν

701 3474 789 3525 ταῦτα
812 3469 947 3540 θαυμάζω
977 3475 1023 3524 ἐπὶ
1049 3472 1089 3538 τῷ
1115 3469 1217 3537 κάλλει,

701 3537 770 3593 πολὺ
779 3561 780 3564 ’
788 3536 819 3592 δὲ
834 3537 938 3608 μᾶλλον
948 3537 1052 3611 ἄγαμαι
1072 3541 1121 3592 τοῦ
1132 3559 1218 3592 κατα·

700 3603 885 3727 ἴετρὴσαντρε
904 3626 948 3661 σοι
968 3612 1014 3660 καὶ
1035 3602 1216 3669 διατάξαντας

715 3693 803 3729 nuova
818 3695 915 3729 ταντα.

677 3752 683 3763 ”
738 3747 777 3798 ta.
802 3745 939 3809 dimano,
976 3743 1131 3812 passivisclt‚
1162 3743 1217 3796 wie

701 3814 824 3880 adeptam
845 3828 867 3864 c.
886 3816 910 3878 2,
927 3813 944 3879 5
961 3817 985 3866 4.

739 3883 777 3935 13.
790 3881 929 3947 diemdpta.
946 3881 1097 3933 Diecribcra
1108 3902 1143 3922 ι·-
1155 3873 1218 3931 δια-
